2084 3075
302 165 449 225 LIBER
476 167 526 222 lv.

75 273 153 336 Nec,
166 272 189 324 si
200 270 268 342 qnid
278 270 343 323 olim
354 273 424 323 lusit
431 274 586 335 Anacreon,

75 342 198 395 Delevit
210 350 300 394 aetas:
314 344 403 409 spirat
413 341 504 393 adhuc
515 356 603 405 amon,

116 411 277 479 Vivuntque
287 414 427 463 commissi
438 412 547 463 calores

152 482 268 533 Aeoliae
279 482 379 533 fidibus
389 481 520 547 puellae„

76 589 145 641 Non
158 588 219 640 sola
230 596 355 657 comptos
367 592 436 642 arsit
445 590 567 642 adulteri

78 660 194 720 Crines,
205 659 234 710 et
245 674 344 710 aurum
355 662 476 712 vestibus
486 661 592 711 illitum

117 729 234 790 Mirata,
245 729 410 797 regalesque
422 731 522 792 cultus,

154 797 192 849 Et
202 799 328 860 comites,
337 799 446 850 Helene
457 797 599 851 Lacaena:

79 902 228 958 Primusve
240 908 348 960 Teucer
360 906 417 960 tela
427 905 554 975 Cydonio
582 923 587 970 ,ἑ

79 976 198 1027 Direxit
208 991 286 1028 arcu:
302 993 356 1028 non
367 978 454 1029 semel
465 979 533 1029 llios

118 1043 239 1096 Vexata:
255 1062 309 1098 non
320 1049 452 1114 pugnavit
461 1050 560 1115 ingens

154 1115 328 1178 idomeneus,
339 1115 521 1170 Sthenelusve
532 1118 609 1170 solus

80 1221 212 1275 Dicenda
222 1222 311 1275 Musis
321 1226 442 1292 proelia:
457 1239 513 1276 non
526 1223 607 1277 ferox

81 1292 200 1354 Hector,
211 1292 256 1344 vel
266 1309 330 1346 aces·
340 1293 503 1363 Deiphobus
512 1309 613 1365 graves

119 1362 236 1427 Excepit
245 1365 317 1415 ictus
328 1379 378 1429 pro
389 1366 496 1431 pudicis

154 1431 333 1496 Coniugibus,
342 1436 491 1497 puerisque
502 1436 617 1497 primus.

82 1536 186 1591 Visere
197 1535 285 1588 fortes
296 1540 361 1586 ante
370 1539 579 1603 Agamemnona

82 1609 186 1666 Multi3
202 1605 252 1656 sed
262 1605 577 1667 omnesillacrimabiles

119 1675 270 1740 Urgentur,
281 1675 425 1741 ignotique
436 1675 520 1741 longa

155 1741 258 1808 Noete;
275 1748 374 1795 carent
382 1745 449 1811 qsaia
458 1749 522 1796 vate
533 1759 623 1801 sacro.

85 1850 214 1906 Paullum
225 1850 353 1919 sepultae
364 1851 452 1902 distat
461 1855 581 1907 inertiae

88 1923 292 1974 Celatavirtus.
313 1920 375 1970 Non
386 1936 438 1988 ego
447 1927 476 1973 te
485 1925 555 1974 meis

124 1991 232 2043 Chai-tis
242 1993 402 2042 inornatum
412 1991 516 2056 silebo3
610 1989 619 1997 ”

156 2061 245 2112 Totve
254 2065 319 2110 tuos
329 2062 420 2127 patiar
430 2060 543 2112 labores

89 2171 209 2235 Impune,
218 2168 303 2228 Lolli,
313 2183 429 2235 earpere
441 2170 542 2237 lividas

90 2238 257 2290 obliviones.
276 2238 327 2289 Est
336 2240 445 2290 ammes
455 2242 506 2291 tibi

123 2306 279 2373 Rerumque
290 2308 420 2372 prudens,
430 2315 460 2360 et
470 2311 601 2363 secundis

100 2392 102 2397 ’
157 2376 350 2442 Temporibus,
361 2376 506 2445 dubiisque
516 2385 623 2445 rectus3

90 2484 196 2537 Vindex
205 2499 306 2536 avarae
316 2484 433 2549 fraudis,
442 2490 471 2538 et
480 2486 623 2539 abstinens

92 2553 223 2606 Ducentis
233 2554 270 2604 ad
279 2569 309 2607 se
319 2558 419 2605 cuncta
430 2557 578 2620 pecuniae;

126 2623 283 2690 Consulque
293 2638 348 2676 non
357 2624 440 2674 unius
451 2625 530 2688 anni3

158 2691 213 2745 uec
222 2695 331 2762 quoties
340 2693 437 2760 bonus,
447 2697 531 2763 atque
541 2692 612 2746 fidus
