2084 3075
455 129 711 183 CARMINUM

258 233 334 288 Unde
344 229 467 285 vocalem
478 238 584 286 temere
595 235 759 300 insequutae

327 302 438 370 Orphea
448 301 544 363 silvae,

256 392 323 444 Arte
334 394 459 442 materna
469 391 583 454 rapidos
594 394 749 441 morantem

258 460 416 512 Fluminum
429 458 531 522 lapsus,
543 458 702 524 celeresque
713 463 819 519 ventos,

257 528 396 580 Blandum
406 532 435 578 et
446 527 552 576 auritas
562 526 662 577 fidibus
671 528 782 578 canoris

265 646 280 653 ,
328 597 439 647 Ducere
450 609 578 660 quercus.

259 686 332 748 Quid
343 683 436 749 priusl
452 684 550 737 Dicam
561 683 652 735 solitis
663 682 811 736 Parentem

258 753 410 816 Laudibus,
421 757 467 821 'qui
477 771 522 806 res
532 753 683 813 hominum,
694 767 726 803 ac
735 752 869 814 Deorum,

259 823 313 885 Qui
325 838 409 884 mare,
421 838 453 874 ao
462 830 561 885 terras,
570 823 710 888 variisque
720 821 853 873 mundum

330 893 481 957 Temperat
491 893 577 944 horis.

260 982 338 1033 Unde
348 982 387 1031 nil
398 984 486 1031 maius
496 986 648 1048 generatur
658 983 727 1047 ipso,

258 1050 317 1102 Nec
326 1053 401 1117 viget
410 1051 561 1117 quidquam
571 1050 669 1111 simile,
681 1055 729 1099 aut
738 1048 900 1101 secundum:

260 1118 405 1172 Proximos
418 1118 458 1170 illi
470 1124 565 1169 tamen
576 1120 723 1184 occupabit
784 1153 786 1158 -

331 1186 425 1239 Pallas
436 1186 564 1238 honores.

260 1276 379 1329 Proeliis
389 1278 489 1340 audax,
500 1294 590 1345 neque
599 1282 627 1330 te
639 1278 736 1340 silebo,

198 1341 201 1352 “
261 1345 360 1408 Liber;
375 1349 404 1397 et
414 1349 502 1395 saevis
512 1349 626 1395 inimica
635 1349 713 1412 virgo
748 1373 749 1378 =

261 1414 382 1475 Belluis3
398 1428 450 1465 nec
460 1418 497 1476 te,
508 1414 657 1466 metuende
668 1418 753 1476 certa,

331 1482 451 1545 Phoebe,
459 1485 570 1552 sagitta.

262 1570 361 1621 Dicam
371 1575 399 1621 et
408 1569 531 1632 Alciden,
541 1569 702 1636 Puerosqne
713 1569 820 1634 Ledae3

262 1640 346 1689 Hunc
354 1640 441 1704 equis,
451 1639 531 1689 illum
541 1655 675 1706 superare
684 1641 783 1706 pugnis

264 1707 405 1758 Nobilem:
420 1722 539 1772 quorum
550 1707 633 1759 simul
643 1707 706 1757 alba
715 1708 807 1757 nautis

334 1774 422 1827 Stella
431 1776 562 1845 refulget,

263 1859 371 1913 Deliuit
379 1864 452 1912 saxio
462 1865 583 1930 agitatus
592 1860 705 1924 bomon

264 1930 418 1981 Concidunt
426 1933 510 1994 venti,
521 1930 687 1998 fugiuntque
696 1930 795 1982 nubes:

262 2000 299 2051 Et
309 2000 411 2061 minax,
422 1999 460 2049 Di
470 2002 510 2051 sic
520 1999 642 2059 voluere,
653 2004 739 2065 ponto

293 2127 295 2133 ι
332 2067 412 2119 Unda
423 2069 567 2120 recumbit.

262 2152 410 2203 Romulum
421 2156 484 2219 post
494 2151 545 2203 lios
554 2154 640 2219 prins,
651 2167 685 2204 an
696 2154 819 2220 quietum

263 2221 383 2288 Pompili
392 2235 509 2288 regnum
520 2236 684 2284 memorem3
700 2238 734 2274 an
745 2223 882 2293 superbos·

263 2291 403 2409 'l'arplpzrlijii
405 2288 529 2409 Ιὶαῗὲξᾱὶῃ
521 2289 626 2409 dubito,
636 2305 672 2341 an
683 2292 797 2342 Catonis

264 2442 412 2510 Regulum,
420 2447 449 2493 et
458 2440 587 2507 Scauros,
597 2446 761 2514 animaeque
772 2459 890 2512 magnae

264 2510 415 2576 Prodigum
425 2510 564 2575 Paullum,
575 2519 724 2578 superante
734 2511 836 2574 Poeno,

266 2581 371 2631 Gratus
380 2580 481 2644 insigni
492 2581 613 2632 referam
624 2582 752 2643 Camena,

336 2644 557 2715 Fabriciumque.
