2084 3075
300 137 446 225 uranu
471 172 528 227 111.
686 133 689 136 ⁵
755 173 789 226 ee

101 276 502 354 Quaeaelfltnactaeritulos
514 275 639 341 leaenae,
659 331 662 336 ,

102 346 247 413 Singulos,
257 346 309 397 heu
318 382 325 408 ,
334 345 401 397 heu!
417 346 554 398 lacerant:
569 362 621 413 ego
631 348 687 398 illis

102 416 232 477 Mollior,
242 431 293 467 nee
302 421 330 466 te
341 414 454 478 feriam,
464 431 555 483 neque
565 418 640 466 intra

174 484 304 535 Claustra
313 487 421 536 tenebo.

102 587 150 639 Me
160 590 241 653 pater
252 588 341 636 saevis
352 590 449 638 oneret
459 590 574 650 eatenis,

103 654 186 715 Quod
195 658 254 705 viro
266 654 387 705 clemens
399 658 499 706 misero
510 659 633 722 peperci,-
718 702 724 708 ,
764 657 768 666 ‘

102 725 150 777 Me
161 724 206 775 vel
217 728 358 774 extremos
369 723 553 775 Numidarum
563 728 592 775 in
604 741 686 794 agros

174 793 269 843 Classe
279 793 395 858 releget.

103 895 226 961 Imeus
233 910 291 962 quo
302 901 331 947 te
340 898 467 962 rapiunt,
478 902 507 950 et
517 894 612 961 aurae,

103 963 178 1016 Duru
192 964 267 1016 favet
277 963 345 1027 nox,
356 971 385 1017 et
395 965 500 1020 Venus:
513 970 525 1016 i
535 969 658 1026 seeundo

103 1034 216 1098 Ornine3
232 1041 261 1086 et
270 1038 356 1086 nostri
367 1051 519 1089 memorem
530 1036 660 1104 sepulcro

175 1099 274 1168 sculpe
285 1104 435 1169 querelam.

27 1231 785 1266 *mmmm-*mm

273 1330 559 1405 ODE'XII.

116 1453 251 1520 ¹arr
289 1437 651 1501 Nuonun'nnr.
727 1481 729 1484 -

330 1551 497 1561 ——-.--

21 1610 155 1665 Neobule
161 1648 168 1672 ,
189 1607 279 1659 Hebri
288 1607 476 1658 adolescentis
486 1626 578 1660 amore
588 1619 687 1681 eopia,
706 1612 794 1663 vitam

211 1676 274 1747 agit
285 1676 399 1725 inertem
407 1685 437 1726 et
447 1677 622 1728 desidiosam.

327 1809 427 1848 METR.
447 1811 499 1847 111.

24 1865 221 1958 Miserarum
231 1903 288 1961 est,
301 1913 393 1965 neque
405 1900 493 1948 amori
505 1898 573 1950 dare
584 1897 694 1962 ludum,
704 1915 795 1968 neque
892 1934 896 1945 .

450 1967 525 2018 dulei

24 2038 114 2091 Mala
123 2028 188 2087 vino
199 2037 304 2100 larere3
321 2043 370 2088 aut
380 2039 546 2100 exanimari,
558 2043 714 2090 metuentes

24 2108 160 2159 Patruae
168 2109 284 2158 verbera
294 2107 416 2175 linguae.
437 2108 626 2174 Tibiqualum
637 2107 794 2174 Cythereae

27 2176 112 2228 Puer
122 2173 194 2237 ales,
203 2177 254 2226 tibi
265 2177 350 2239 telas,
361 2190 550 2243 operosaeque
562 2178 706 2228 Minervae

27 2243 167 2299 Studium
178 2244 283 2306 aufert,
293 2246 432 2306 Neobule,
443 2245 555 2309 Liparei
568 2249 642 2296 nitor
652 2245 750 2308 Hebri,
803 2243 819 2294 5

26 2314 129 2367 Simul
139 2319 238 2364 unetos
249 2316 390 2365 Tiberinis
400 2313 530 2364 humeros
541 2314 609 2364 lavit
618 2318 646 2364 in
658 2316 749 2377 undis,

24 2387 130 2452 Eques
141 2384 201 2448 ipso
211 2383 310 2434 ruelior
321 2381 553 2448 Bellerophonte,
565 2399 654 2450 neque
665 2399 767 2451 pugno,

24 2454 135 2520 Neque
144 2453 222 2520 segni
233 2453 303 2518 pede
313 2454 414 2503 vietus:
430 2445 509 2502 catus
519 2451 592 2502 idem
604 2459 793 2518 per-apertum

24 2523 189 2591 Fugientes
200 2523 305 2588 agitato
315 2537 399 2641 greqe
411 2535 506 2573 cervos
517 2520 649 2581 iaculari,
660 2526 689 2570 et

25 2594 118 2646 Celer
127 2597 190 2641 arto
201 2589 359 2643 latitantem
383 2592 504 2641 ruticeto
514 2590 641 2654 excipere
652 2602 758 2653 aprurn.
806 2600 836 2632 10
927 2598 929 2602 ⁴

331 2724 499 2738 m

553 2763 611 2815 Fa
