2084 3075
286 134 434 193 uiuae
461 132 515 195 111.

248 291 341 366 01)
362 292 400 366 E
439 292 563 366 XVI.

66 424 122 473 AD
149 424 178 471 ι’·
207 422 400 473 clamem
421 422 732 476 MauoENAuuM.

23 602 190 653 Exsecratur
209 602 338 652 insonum
358 603 517 654 divitiarum
538 620 670 667 amorem,
696 619 779 671 seque

222 685 313 739 parvo
325 667 434 719 beatum
444 672 574 723 ostendit.

291 811 391 850 unun.
410 811 511 868 xvsti.

53 866 203 948 Inclusam
215 897 332 949 Danaen
342 900 433 963 turrisv
441 897 557 961 ahenea,

54 966 251 1033 Robustaeque
263 966 350 1030 fores,
362 973 392 1019 et
401 969 515 1035 vigilum
528 980 628 1018 canum

88 1037 200 1088 Tristes
211 1038 342 1088 excubiae
354 1040 514 1088 munierant
525 1037 593 1087 satis

126 1103 276 1155 Nocturnis
288 1107 322 1155 ab
333 1106 482 1170 adulteris3

54 1207 83 1258 Si
94 1222 153 1258 non
164 1208 313 1269 Acrisium,
323 1210 438 1275 virginis
450 1208 561 1260 abditae
573 1239 578 1244 -
788 1207 804 1259 5

54 1276 207 1327 Custodem
217 1276 360 1342 pavidum,
371 1280 490 1343 Iupiter,
501 1283 531 1329 et
540 1277 634 1328 Venus·

85 1345 236 1396 Risissent:
253 1344 314 1396 fore
325 1349 398 1397 enim
408 1352 500 1397 tutum
511 1350 580 1409 iter,
592 1351 620 1398 et
630 1349 728 1412 patens

126 1414 266 1474 converso
275 1417 304 1463 in
314 1418 434 1479 pretium
446 1415 518 1465 Deo.

53 1518 162 1569 Aurum
173 1531 224 1582 per
233 1514 340 1564 medios
350 1517 393 1565 ire
404 1514 551 1578 satellites,

51 1587 87 1638 Et
96 1597 284 1654 perrumpere
296 1586 372 1631 amat
381 1597 462 1644 saxa,
473 1584 614 1648 potentius
792 1596 822 1630 ιο
866 1582 879 1590 ”

83 1657 151 1709 Ictu
161 1651 304 1701 fulmineo.
327 1651 456 1713 Concidit
466 1654 580 1719 auguris

125 1721 220 1788 Argivi
233 1720 344 1781 domus,
356 1721 390 1769 ob
401 1720 510 1772 lucrum
546 1748 549 1753 ·

53 1816 193 1878 Demersa
204 1825 301 1874 exitio:
317 1822 419 1874 diffidit
429 1825 540 1876 urbium
608 1866 614 1875 .

54 1895 158 1947 Portas
168 1895 210 1944 vir
220 1893 353 1955 Macedo,
365 1898 393 1943 et
403 1895 514 1944 subruit
525 1894 650 1946 aemulos

88 1964 180 2029 Reges
189 1964 362 2014 muneribus:
378 1977 496 2012 munera
506 1963 618 2014 navium
792 1963 822 2014 15

127 2031 229 2083 Saevos
240 2033 396 2099 illaqueant
406 2031 499 2084 duces.
516 2069 520 2077 -

57 2137 235 2186 Crescentem
247 2138 372 2203 sequitur
385 2152 453 2186 cura
462 2137 619 2205 pecuniam,¹

55 2205 252 2271 Malorumque
265 2205 359 2256 fames.
381 2206 443 2255 lure
454 2205 604 2270 perhorrui
616 2212 619 2217 '

91 2272 163 2322 Late
173 2276 349 2337 conspicuum
361 2275 461 2324 tollere
471 2278 613 2336 verticem,

128 2341 290 2403 Maecenas,
302 2344 426 2407 equitum
437 2342 530 2392 decus.

56 2446 169 2506 Quanto
179 2445 296 2511 quisque
307 2445 359 2493 sibi
371 2443 453 2508 plura
463 2447 616 2509 negaverit,

55 2516 78 2564 Α
88 2514 141 2563 Dis
151 2513 233 2578 plura
244 2513 323 2563 feret.
344 2511 390 2562 Nil
400 2513 572 2577 cupientium

92 2582 189 2633 Nudus
200 2586 293 2632 castra
304 2585 381 2646 peto;
395 2587 426 2632 et
435 2579 583 2649 transfuga
594 2580 709 2635 divitum

126 2650 226 2704 Partes
238 2651 363 2719 linquere
374 2652 465 2717 gestio
469 2667 478 2715 ς
638 2666 641 2669 ·
