2084 3075
225 164 275 216 106
474 164 732 216 CARMINUM

222 266 348 333 Namque
360 270 389 317 et
398 265 513 328 nobilis,
524 271 553 317 et
563 266 674 329 decens,

257 337 294 386 Et
304 351 353 401 pro
365 336 493 387 sollicitis
504 350 560 385 non
569 338 672 388 tacitus
682 337 747 399 reis,
818 370 821 376 »
904 379 907 384 ,

183 405 214 456 15
223 406 259 458 Et
269 411 380 456 centum
392 421 461 471 puer
471 406 582 466 artium,

258 475 329 525 Late
340 476 419 541 signa
430 474 503 524 feret
513 473 631 526 miiitiae
641 478 716 526 tuae.

223 544 260 594 Et
270 544 436 611 quandoque
446 544 588 608 potentior

248 613 358 680 Largis
370 612 529 662 muneribus
540 613 636 663 riserit
645 612 758 676 aemuli,

223 683 345 735 Albanos
356 697 441 747 prope
452 686 479 732 te
490 681 568 732 lacus
643 682 646 685 ’

181 772 215 806 20
259 750 349 803 Ponet
359 765 544 802 marmoream
554 751 606 801 sub
615 750 695 802 trabe
705 751 816 817 Cypria.

225 819 286 873 lllie
297 820 416 885 piurima
426 821 540 871 naribus

261 888 354 939 Duces
365 887 460 952 thur-³3
476 889 624 956 lyraeque,
635 894 664 941 et
673 889 863 957 Berecyntiae

159 1019 161 1022 Ι
225 957 410 1009 Delectabere
421 960 506 1010 tibiae
868 1000 873 1008 .

260 1026 357 1076 Mixtis
368 1029 550 1089 carminibus,
560 1042 616 1078 non
627 1028 687 1078 sine
697 1028 799 1081 fistula.

182 1095 338 1151 asininus
349 1099 428 1160 pueri
439 1096 484 1146 die
851 1095 855 1101 ’

259 1163 368 1215 Numen
380 1179 441 1215 eum
453 1166 557 1217 teneris
567 1167 720 1234 virginibus
731 1170 810 1228 tuum

224 1234 400 1296 Laudantes,
411 1235 481 1300 pede
493 1236 611 1287 candido

167 1321 169 1324 ·
260 1304 292 1355 ln
304 1319 409 1354 morem
421 1303 526 1354 Salium
538 1309 582 1355 ter·
593 1306 722 1372 quatient
732 1304 857 1357 humum.

226 1374 273 1424 Me
284 1388 335 1423 nec
345 1371 524 1434 seminamur:
533 1388 602 1439 puer
650 1388 653 1394 ·

183 1449 217 1500 50
261 1444 333 1504 lam,
344 1457 396 1493 nec
406 1457 469 1508 spes
480 1444 565 1492 animi
576 1443 692 1494 credula
701 1445 800 1506 mutui,
870 1470 874 1479 ·

211 1521 214 1528 '
226 1511 284 1564 Nee
294 1519 404 1564 certare
414 1514 491 1563 iuvat
502 1528 589 1575 mero,

260 1581 318 1632 Nec
326 1584 429 1633 vincire
441 1585 518 1633 novis
529 1587 656 1648 tempora
667 1580 791 1634 floribus.

226 1649 280 1701 Sed
293 1665 355 1711 cur,
365 1647 432 1701 heu!
448 1651 596 1718 Ligurine,
608 1667 658 1702 cur

259 1719 359 1768 Manat
368 1734 434 1769 rara
444 1736 520 1783 meas
531 1720 657 1786 lacryma
668 1724 718 1786 per
727 1718 832 1789 genas!

182 1791 215 1841 55
225 1788 281 1837 Cur
292 1786 413 1837 facunda
422 1803 518 1853 parurn
532 1790 633 1840 decoro

258 1857 334 1907 inter
344 1857 429 1907 rerba
439 1856 515 1907 cadit
526 1857 622 1927 lingua
632 1858 763 1912 silentio?

222 1925 374 1977 Nocturnis
385 1941 437 1994 ego
448 1929 564 1978 somniis

257 1996 316 2045 lam
326 1999 437 2061 captum
448 2001 545 2058 teneo,
555 1999 612 2047 iam
622 1998 763 2051 volucrem
774 2015 891 2067 sequor
929 2028 932 2033 >

113 2108 114 2111 ,
223 2065 264 2116 Te
275 2079 324 2130 per
333 2066 461 2131 gramina
471 2066 584 2123 Martiis

179 2135 213 2186 40
258 2134 366 2200 Campi3
383 2138 411 2186 te
421 2148 471 2199 per
481 2148 582 2201 equas,
594 2134 675 2200 dure,
686 2137 830 2190 volubiles.
