2084 3075
328 121 517 208 arnas
746 157 807 228 14⁷,

59 254 131 309 Nec
141 259 170 307 te
181 254 359 325 Pythagorae
371 258 473 310 fallant
484 273 589 312 arcana
598 261 700 324 renati,

107 324 264 430 Formapue
274 330 369 379 vincas
380 329 479 392 Nirea;

55 394 148 473 fleu,
158 393 224 446 heu.
239 397 391 449 translatos
402 399 458 450 alio
468 400 606 450 maerebis
617 413 739 450 amoress

103 466 154 516 Ast
163 479 215 532 ego
225 468 347 518 vicissim
356 471 454 521 riscro.

12 581 791 613 mmmmm-§ww

270 665 408 739 ODE
444 667 568 739 XVI.
789 751 793 758 ‚

129 791 191 837 so
215 790 442 839 rarorum
465 791 707 844 nouarum.

17 942 182 1012 Quaeritur,
202 939 334 992 bellorum
355 941 476 990 civilium
496 942 602 992 nullum
621 961 681 993 esse
694 944 796 1010 finem:

13 1026 122 1081 quare
142 1008 175 1057 de
189 1008 344 1077 Republica
362 1009 493 1074 desperat
498 1029 509 1065 ;
530 1008 657 1087 aliasque
673 1011 797 1062 meliores

14 1088 135 1138 terras,
147 1084 174 1125 et
183 1074 470 1192 Insulapsortunatas
481 1074 540 1141 ipse
552 1085 660 1146 cogitat
664 1099 675 1137 ,·
686 1088 714 1128 et
724 1078 797 1141 aliis,

235 1144 288 1193 uti
307 1161 349 1193 em
352 1142 478 1212 faciant,
490 1143 599 1191 suadet.

345 1274 445 1311 METR.
464 1273 492 1311 Χ.

23 1332 153 1415 Altera
162 1362 217 1413 iam
226 1365 329 1415 teritur
340 1361 422 1415 bellis
432 1361 561 1412 civilibus
572 1367 659 1424 actas,

70 1432 137 1484 Suis
147 1437 176 1482 et
186 1434 247 1498 ipsa
256 1433 344 1483 Roma
354 1431 459 1481 viribus
469 1433 534 1482 ruit.

26 1505 129 1566 Quam
140 1516 232 1569 neque
242 1502 351 1552 finitimi
362 1500 513 1553 valuerunt
524 1500 643 1567 perdere
654 1500 753 1565 Marsi,

71 1573 194 1623 Minacis
204 1575 253 1621 aut
262 1573 380 1622 Etrusca
390 1570 530 1622 Porsenae
542 1586 648 1634 manus,

29 1641 157 1694 Aemula
167 1656 218 1692 nec
228 1643 316 1692 virtus
327 1641 451 1707 Capuae,
462 1656 513 1692 nec
524 1639 675 1706 Spartacus
686 1657 760 1706 acer,
805 1656 821 1707 5

71 1710 214 1777 Novisquc
223 1713 307 1763 rebus
317 1711 438 1763 infidelis
448 1710 595 1774 Allobrox3

32 1780 95 1832 Nec
106 1780 169 1833 fera
179 1782 309 1835 caerulea
321 1781 428 1832 domuit
438 1779 589 1833 Germania
599 1782 680 1847 pube,

73 1850 294 1919 Parentibusque
305 1852 481 1902 abominatus
491 1851 645 1911 Hanniba13

32 1920 125 1986 Impia
134 1919 282 1986 perdemus
292 1921 384 1972 devoti
395 1920 539 1986 sanguinis
549 1923 635 1980 aetas,

72 1990 208 2057 Ferisque
218 2007 316 2042 rursus
326 1991 507 2057 occupabitur
518 1987 622 2040 solum!
808 2018 838 2052 ,0

34 2058 194 2122 Barbarus,
203 2058 269 2113 heu!
284 2063 394 2115 cineres
404 2061 515 2111 insistet
525 2060 626 2121 victor,
637 2061 666 2110 et
675 2056 777 2107 Urbem

70 2129 164 2196 Eques
174 2136 291 2182 sonante
301 2130 460 2182 verberabit
470 2129 588 2196 ungula3

36 2198 172 2265 Quaeque
184 2205 280 2253 carent
289 2201 391 2262 ventis,
407 2203 436 2250 et
445 2200 564 2261 solibus,
576 2213 639 2250 ossa
650 2196 760 2259 Quirini

70 2267 174 2330 (Nefas
184 2270 294 2331 videre)
306 2270 452 2335 dissipabit
463 2268 598 2321 insulensi

38 2336 131 2399 Forte,
137 2338 356 2405 quidoxpadiati
366 2340 565 2400 communiter,
571 2336 723 2388 autmelior
729 2347 793 2400 pars
805 2343 836 2395 15

69 2408 155 2458 Malis
167 2424 263 2460 carere
273 2410 408 2475 quaeritis
419 2406 580 2459 laboribust

37 2475 120 2528 Nulla
130 2478 168 2526 sit
178 2476 230 2528 hac
241 2480 333 2543 potior
343 2479 495 2529 sententia:
510 2477 719 2540 (Phocaeorum

24 2586 25 2595 ,
66 2546 155 2598 Velut
165 2546 292 2613 profugit
301 2552 447 2599 exsecrata
458 2548 569 2610 eivitas3

40 2616 137 2684 Agros,
150 2620 234 2681 atque
244 2616 332 2668 Lares
343 2618 462 2682 patrios,
473 2614 680 2682 habitandaque
694 2613 760 2665 fana

68 2687 151 2753 Apris
161 2685 289 2750 reliquit,
300 2691 329 2739 et
340 2686 486 2753 rapacibus
497 2686 586 2752 lupis)
822 2701 854 2733 20

551 2754 578 2804 K
596 2767 612 2800 2
