2084 3075
318 234 566 290 Pourlcn.
768 243 820 297 283

50 343 120 397 Non
131 341 206 395 alius
215 341 323 395 feceret
332 339 450 393 meliora
459 345 604 411 poemata3
618 358 717 396 verum

50 413 102 467 Nil
112 412 189 464 tan'ti
200 416 251 465 est.
272 412 348 479 Ergo
359 409 461 480 fungar
470 415 531 464 vice
542 414 626 476 cotis,
637 420 749 466 acutum

51 483 188 536 Reddere
199 497 271 551 quae
282 481 389 533 ferrum
400 482 476 534 valet
480 519 488 545 ,
499 496 596 534 exsors
606 485 668 549 ipsa
677 482 804 535 secandi:
830 484 880 538 505

52 554 179 614 Munus,
190 557 219 604 et
230 550 350 602 officium
356 588 364 614 ,
374 551 415 603 nil
426 553 551 604 scribens
561 554 634 619 ipse,
645 553 763 605 docebo:

53 622 364 688 Undcparenturopes3
376 620 514 689 quidalat,
527 622 684 691 formetque
693 628 819 689 poetam3

53 691 134 753 Quid
145 691 252 753 deceat,
258 690 325 759 quid
334 705 405 755 uon,
416 707 471 759 quo
481 695 579 756 virtus,
586 707 641 760 quo
651 691 818 744 ieraterror.

54 760 205 814 scribendi
215 765 415 828 rectessapere
426 767 469 813 est
479 768 508 815 et
516 763 693 829 principium,
706 767 735 813 et
744 761 820 813 fonsz
893 760 895 768 '

54 832 128 884 Rem
139 829 192 881 tibi
202 828 363 882 Socraticae
372 835 506 897 poterunt
517 832 666 884 ostendere
677 830 806 896 chartae;
829 835 880 886 5ιο

53 900 206 968 Verbaque
217 901 355 965 provisam
366 916 425 953 rem
436 916 492 953 non
504 903 593 952 invita
602 906 762 970 sequentur.

55 971 113 1031 Qui
124 970 235 1032 didicit,
247 972 354 1035 patriae
369 971 436 1038 quid
447 971 563 1035 debeat,
576 972 681 1040 etquid
692 972 802 1036 amicis3

56 1040 120 1102 Quo
136 1040 175 1091 sit
187 1053 283 1090 amore
293 1054 412 1108 parens,
432 1056 495 1161 qup¹
502 1039 592 1093 frater
606 1041 740 1093 amandus
755 1046 786 1093 et

497 1125 528 1161 os
549 1126 592 1162 es·

57 1176 142 1243 Quod
151 1179 190 1230 sit
199 1180 362 1245 conscripti,
373 1179 447 1247 quod
457 1126 557 1230 iudielis
569 1147 704 1243 o’fficium,
715 1195 786 1250 quae
873 1227 879 1237 ,

57 1249 159 1300 Partes
169 1251 199 1300 in
209 1248 313 1300 beilum
324 1251 401 1299 missi
413 1250 503 1300 ducis:
518 1249 568 1300 ille
578 1248 705 1315 profecto
819 1248 881 1301 -515

57 1318 188 1370 Reddere
198 1333 335 1385 personae
347 1319 401 1369 seit
411 1319 605 1372 convenientia
615 1319 723 1384 cuique.

57 1388 207 1456 Respicere
219 1388 363 1455 exemplar
373 1390 459 1453 ritae,
469 1403 634 1456 morumque
644 1388 746 1439 iubebo

59 1458 182 1510 Doctum
193 1459 376 1522 imitatorem,
386 1465 415 1511 et
424 1460 500 1509 vivas
510 1457 575 1509 hinc
586 1458 688 1509 ducere
697 1472 788 1509 voces.

59 1528 203 1584 Interdum
212 1530 342 1596 speciosa
352 1527 434 1591 locis,
446 1534 610 1596 morataque
622 1531 698 1582 recte

60 1598 182 1661 Fabula,
191 1598 299 1649 nullius
308 1600 431 1660 veneris,
442 1601 502 1651 sine
512 1598 649 1665 pondere,
661 1601 690 1649 et
699 1601 770 1660 arte,
832 1596 881 1647 520

57 1668 177 1720 valdius
188 1668 311 1720 oblectat
321 1667 468 1734 populum,
478 1668 635 1735 meliusque
646 1672 782 1730 moratur,

62 1739 152 1802 Quam
162 1752 260 1790 versus
270 1739 367 1803 inopes
378 1752 486 1800 rerum,
497 1752 645 1805 nugaeque
656 1751 785 1789 canorae.

62 1807 155 1859 Graiis
165 1807 320 1875 ingenium,
330 1806 425 1858 Graiis
437 1805 515 1858 dedit
524 1822 573 1858 ore
584 1807 705 1859 rotundo

61 1877 145 1932 Musa
154 1876 244 1944 loqui,
256 1882 368 1943 praeter
380 1877 490 1929 laudem
502 1875 608 1927 nullius
619 1878 720 1928 araris.

62 1946 179 1999 Romani
190 1948 270 2012 pueri
280 1946 372 2013 longis
382 1947 539 1997 rationibus
551 1960 641 1996 assem
832 1943 882 1997 525

63 2013 182 2068 Discunt
192 2016 221 2064 in
231 2020 325 2082 partes
336 2019 447 2065 centum
457 2015 601 2066 diducere:
616 2014 692 2066 dicat

62 2085 152 2137 Filius
162 2084 265 2136 Albini:
281 2086 305 2136 si
316 2084 350 2135 de
360 2085 516 2188 puincunee
527 2089 636 2135 remota
646 2088 691 2143 est

63 2154 158 2215 Uncia,
168 2154 235 2220 quid
246 2159 377 2220 superat:
394 2153 513 2206 Poteras
525 2154 637 2215 dixisse,
648 2154 743 2205 triens.
765 2149 821 2203 Eu!

63 2223 131 2276 Rem
140 2225 245 2289 poteris
256 2239 367 2275 servare
378 2230 464 2275 tuam.
485 2223 569 2276 Redit
580 2223 676 2286 uncia,
686 2222 753 2290 quid
763 2218 813 2272 fite

48 2289 58 2316 s
65 2292 160 2345 Semis.
181 2294 216 2342 At
227 2290 413 2345 haeeanimos
425 2309 543 2362 aerugo,
554 2298 583 2344 et
593 2306 659 2343 cura
668 2292 769 2358 peculi,
831 2294 882 2345 550

10 2357 14 2368 ’
66 2364 156 2426 Quum
167 2362 254 2413 semel
263 2362 408 2425 imbuerit3
424 2378 570 2430 speramus
581 2363 706 2414 earmina
715 2360 782 2427 fingi

65 2431 163 2494 Posse,
172 2429 287 2483 linenda
297 2432 393 2493 cedro,
406 2437 434 2483 et
444 2434 497 2485 levi
507 2432 645 2485 servanda
655 2425 805 2497 cupresso?

68 2504 121 2554 Aut
129 2501 261 2568 prodesse
271 2500 382 2564 volunt,
394 2507 443 2551 aut
453 2503 596 2555 delectare
606 2505 720 2568 poetae3

67 2573 120 2623 Aut
129 2570 212 2622 simul
224 2575 252 2622 et
261 2570 395 2633 iucunda,
406 2575 434 2622 et
443 2571 546 2623 idonea
556 2572 649 2623 dicere
659 2573 742 2622 vitae.

69 2640 206 2707 Quidquid
216 2641 383 2707 praecipies,
394 2644 454 2692 esto
464 2642 569 2704 brevis3
588 2644 620 2691 ut
630 2642 685 2692 cito
697 2640 771 2691 dicta
832 2644 883 2695 555

68 2709 225 2775 Percipient
234 2710 319 2759 animi
331 2709 448 2773 dociles,
459 2714 628 2778 teneantque
638 2710 748 2761 fideles:

70 2777 154 2829 Omne
164 2791 365 2844 supervacuum
375 2778 458 2845 pleno
469 2780 627 2846 depectere
638 2783 741 2830 manat.
