2084 3075
360 135 555 189 uisuri..
775 129 828 198 rii

99 249 204 317 Neque
217 247 359 305 Africano,
370 244 414 293 eui
423 254 507 305 super
518 235 715 302 Carthaginem
839 232 873 283 25

142 318 237 369 Virtus
249 313 408 380 sepulcrum
419 307 552 362 condidit.

104 391 212 449 Terra,
223 386 348 449 marique
359 383 448 431 vietus
459 377 561 437 hostis,
571 375 677 425 Punico
746 423 750 428 2

143 457 276 523 Lugubre
287 452 404 502 mutavit
412 463 519 514 sagum.
550 489 552 493 .

104 529 164 581 Aut
173 526 221 576 ille
233 527 343 575 eentum
354 519 475 569 nobilem
487 516 599 566 Cretam
610 509 724 562 urbibus

143 594 243 647 Ventis
253 594 344 641 iturus
356 604 410 638 non
421 588 488 647 suis,
843 579 877 629 50

106 666 285 719 Exercitatas
298 665 346 709 aut
356 658 427 724 petit
437 654 535 720 Syrtes
545 651 629 712 Noto,

145 736 200 785 Aut
211 732 302 782 fertur
314 731 422 778 incerto
433 725 512 773 mari.

110 804 278 869 Capaeiores
289 797 359 848 affer
370 794 436 854 huc,
447 807 530 858 puer,
541 788 669 856 scyphos,

146 874 184 923 Et
193 870 262 921 Chia
272 870 350 928 vina,
361 870 411 914 aut
421 862 537 924 Lesbia3
624 905 628 910 f

109 940 178 1003 Vel,
189 939 262 1007 quud
274 936 407 987 fluentem
419 944 552 981 nauseam
563 929 699 987 coerceat,
847 921 879 973 55

18 1059 27 1064 .
148 1011 250 1060 Metire
261 1008 340 1057 nobis
352 1001 520 1053 Caecubum.

114 1081 230 1139 Curam,
241 1079 401 1140 metumque
414 1069 543 1120 Caesaris
555 1062 664 1125 rerum,
673 1063 753 1112 iuvat

149 1148 234 1199 Dulci
244 1145 341 1211 Lyaeo
353 1141 470 1192 solvere.

79 1263 837 1339 ΝΦΦΦΘΦΦΦΦΦΦΦΦΦΦΦΦΦΦΦΦΦΦΦΦΦΦΦΦ

264 1394 267 1397 ’
356 1399 495 1473 ΟΠΕ
530 1395 579 1466 Χ.

200 1535 254 1585 riv
278 1524 507 1583 ΜΑΕνιυΜ
530 1518 730 1570 rourum.

379 1627 546 1640 .,...-.--

71 1696 198 1757 Homini
207 1692 289 1754 duro,
312 1698 340 1738 et
349 1685 496 1741 maledico,
517 1680 655 1747 siculique
669 1678 714 1726 sui
723 1671 858 1744 ingeniis»
879 1658 882 1661 ι

75 1769 185 1838 inferto
190 1801 199 1826 ,
210 1763 240 1812 in
253 1757 399 1810 Graeciam
409 1751 590 1819 navigaturo,
601 1751 804 1814 tempestatem,
816 1747 844 1807 et

258 1869 261 1873 ,
281 1822 464 1895 naufragium
477 1819 651 1885 imprecatur.
684 1835 687 1839 ·

374 1952 475 1992 nETR.
494 1948 555 1986 ΧΠ.

156 2021 252 2104 Mala
261 2047 354 2100 soluta
364 2043 441 2093 naris
452 2039 509 2090 exit
518 2035 596 2096 alite,

190 2122 296 2172 Ferens
306 2116 429 2167 olentem
439 2108 589 2159 Maevium.

156 2191 193 2242 Ut
202 2187 325 2241 horridis
333 2188 484 2248 utrumque
493 2176 625 2227 verberes
635 2168 719 2233 latus,

173 2268 177 2278 '
193 2260 307 2318 Auster,
316 2256 456 2304 memento
468 2247 607 2299 fluetibus.

158 2327 245 2395 Niger
255 2325 388 2376 rudentes
399 2321 504 2376 Eurus,
515 2317 627 2363 inverso
636 2307 718 2369 mari,
859 2310 875 2362 5

195 2395 367 2459 Fractusque
377 2400 471 2438 remos
482 2381 605 2433 differat.

160 2467 292 2530 insurgat
302 2459 415 2527 Aquilo,
426 2458 548 2521 quantus
559 2448 628 2502 attis
635 2444 777 2496 montibus

198 2532 316 2598 Frangit
327 2530 478 2579 trementes
488 2521 579 2570 ilices:
778 2508 783 2519 ‘

163 2602 222 2655 Nec
233 2601 310 2652 sidus
322 2601 384 2647 atra
394 2596 476 2646 nocte
487 2590 609 2640 amicum
617 2584 761 2649 appareat,

201 2673 264 2734 Qua
272 2669 364 2720 tristis
373 2665 462 2715 Orien
472 2658 561 2721 eadit3
868 2658 899 2691 ιο
940 2652 946 2657 ·

237 2790 239 2795 ’
270 2795 285 2827 Χ
