2084 3075
201 169 255 222 ,186
435 166 726 221 SATYRARUM

201 271 324 324 Miscuit.
344 269 615 338 Oseristudioruml
629 269 711 336 quine
721 269 828 334 putetis

202 341 337 401 Difficile,
346 346 375 391 et
384 342 498 401 mirum,
507 339 617 391 Rhodio
629 339 702 405 quod
713 337 890 389 Pitholeonti

204 408 343 476 Contigitl
356 410 392 459 At
402 424 507 471 sermo,
517 409 616 475 lingua
626 409 777 460 concinnus
788 412 925 474 utraque,

174 543 177 547 A
204 478 334 539 suavior,
346 481 393 540 (ut
404 477 472 528 Chio
483 483 551 528 nota
562 480 585 528 si
596 478 747 528 commixta
757 474 879 527 Falerni
891 484 951 538 est)

162 549 195 601 25
205 548 297 612 Quum
311 563 407 600 versus
423 546 517 598 facias.
549 548 590 597 Tc
606 548 696 613 ipsum
711 550 881 611 percontor,
895 554 969 597 anet

639 630 705 665 uum

204 689 286 741 Dura
295 689 346 738 tibi
356 686 516 754 peragenda
525 686 565 736 rei
576 686 614 735 sit
621 632 722 737 {atissa
732 681 840 745 Petilli,

206 757 319 810 Scilicet
328 756 431 807 oblitus
443 758 619 824 patriaeque,
627 755 785 821 patrisque3
799 750 906 805 Latine

207 826 298 887 Quum
307 824 410 875 Pedius
421 840 534 876 caussas
546 824 673 886 exsudet,
685 822 843 888 Poplicola,
853 830 941 890 atque

207 896 342 945 Corvinus
348 910 356 955 ;
372 897 471 960 patriis
482 896 673 946 intermiscere
683 895 772 959 petita

164 969 197 1019 30
205 962 297 1013 Verba
307 962 376 1013 foris
388 964 483 1025 malis,
494 964 624 1015 Canusini
635 977 712 1014 more
723 960 878 1028 bilinguis‘!

204 1033 302 1099 Atqui,
316 1046 368 1098 ego
380 1048 464 1099 quum
475 1033 599 1085 Graecos
611 1031 745 1094 facerem,
759 1036 843 1082 natus
854 1046 935 1083 marc

621 1098 700 1163 citra,

205 1169 380 1233 Versiculos,
389 1171 479 1222 vetuit
488 1186 533 1223 me
543 1170 596 1222 tali
606 1185 672 1223 voce
683 1170 826 1232 Quirinus,

205 1240 275 1292 Post
283 1241 402 1293 mediam
412 1247 522 1293 noctem
532 1243 621 1303 visus,
632 1256 715 1308 quum
726 1241 835 1290 somnia
844 1252 927 1292 vera:

205 1313 237 1363 In
249 1312 345 1363 silvam
357 1326 412 1361 oon
424 1310 499 1377 ligna
511 1310 586 1359 feras
596 1312 736 1371 insanius,
746 1324 779 1358 ac
789 1311 815 1358 si

164 1385 196 1436 55
205 1382 324 1448 Magnas
335 1380 507 1430 Graecorum
520 1377 602 1428 malis
612 1379 729 1444 implere
740 1382 879 1429 catervas.

205 1448 467 1518 Turgidusrllpinus
478 1447 588 1514 iugulat
600 1447 666 1497 dum
672 1445 833 1507 Memnona,
845 1448 973 1515 dumque

204 1517 330 1588 Delingit
340 1518 428 1570 Rheni
439 1518 547 1571 luteum
559 1523 657 1583 caput;
673 1514 743 1569 haec
753 1532 805 1584 ego
817 1516 899 1581 ludo,

205 1592 284 1651 Quae
291 1604 380 1654 neque
388 1589 416 1636 in
424 1589 493 1638 aede
500 1592 600 1638 sonent
608 1589 753 1648 certantia,
759 1587 972 1654 iudiceTarpa3

204 1656 262 1707 Nec
282 1657 401 1706 redeant
420 1657 537 1719 iterum,
557 1661 640 1724 atquc
660 1658 763 1706 iterum
777 1658 934 1721 spectanda

324 1762 326 1765 ψ
620 1725 748 1777 theatris.

163 1798 196 1850 40
204 1795 311 1859 Arguta
321 1795 467 1845 meretrice
478 1801 570 1861 potes,
582 1796 717 1861 Davoque
729 1794 881 1847 Chremeta

204 1861 344 1914 Eludente
356 1877 450 1915 senem
457 1902 465 1926 ,
476 1867 563 1915 comis
573 1866 682 1932 garrire
693 1864 804 1915 libellos

205 1934 282 1983 Unus
293 1935 431 1996 rivorum,
443 1934 583 1985 Fundani:
600 1933 690 1985 Pollio
698 1947 798 2001 regum

205 2001 294 2053 Facta
304 2005 391 2064 canit,
403 2004 472 2068 pede
484 2009 527 2069 ter
539 2018 682 2070 percusso:
698 2003 771 2056 forte
782 2018 850 2071 epos
861 2019 937 2069 acer,

205 2072 241 2122 Ut
253 2087 347 2133 nemo,
358 2071 458 2121 Varius
470 2073 558 2123 ducit:
575 2072 673 2135 molle,
684 2079 766 2141 atque
778 2074 906 2125 facetum

161 2144 196 2196 45
204 2140 323 2208 Virgilio
336 2146 495 2191 annuerunt
503 2142 658 2207 gaudentes
669 2159 734 2193 rure
747 2144 897 2194 Camenae.

204 2211 267 2262 Hoc
277 2215 352 2271 erat,
367 2216 482 2274 experto
495 2210 601 2261 frustra
611 2210 737 2263 Varrone
746 2213 873 2274 Atacino,

203 2281 294 2347 Atque
309 2278 475 2346 quibusdam
491 2280 568 2343 aliis,
589 2281 689 2332 melius
709 2281 784 2348 quod
797 2281 925 2334 scribere

639 2366 737 2413 ossem,

202 2419 350 2469 lnvcntorc
360 2420 461 2467 minor:
479 2433 569 2484 neque
581 2366 636 2484 egil),
643 2419 685 2469 illi
697 2418 844 2471 detrahere
856 2424 951 2474 ausim

203 2487 375 2537 Haerentem
387 2487 471 2551 capiti
481 2502 543 2536 cum
555 2487 643 2536 multa
653 2487 736 2537 laude
748 2502 891 2540 coronam.

162 2551 195 2603 5ο
203 2555 239 2605 At
253 2554 323 2614 dixi,
334 2553 422 2605 fluere
432 2553 505 2604 hunc
515 2555 699 2617 lutulentum3
716 2570 799 2621 saepe
811 2556 955 2612 ferentem

204 2621 291 2673 Plura
301 2622 411 2686 quidem
423 2622 549 2672 tollenda
557 2623 760 2690 relinquendis:
778 2640 844 2691 age,
860 2642 971 2694 quaeso

205 2691 250 2739 Tu
261 2688 331 2738 nihil
340 2689 368 2738 in
379 2704 481 2756 magno
492 2690 591 2741 doctus
606 2690 789 2758 reprehendis
803 2694 952 2749 Homero?
