2084 3075
181 153 217 207 44
437 140 697 200 QARMlNUm

140 261 173 312 25
235 253 340 304 Omnes
351 250 449 301 eodem
460 247 598 313 cogimur:
614 243 738 295 omnium

234 321 372 374 Versatur
382 332 462 378 urna,
473 316 573 377 aerius,
584 315 661 365 oeiuo

270 388 338 442 Sors
348 390 467 447 exitura,
477 390 506 436 et
515 399 567 434 nos
576 384 605 433 in
616 384 762 433 aeternum

193 470 199 479 '
305 457 442 511 Exsilium
452 455 619 520 impositura
629 450 755 517 cymbae.

420 657 583 732 O-DE
633 656 712 730 IV.

205 819 207 822 ·
263 788 323 838 AD
348 782 612 838 ΧΔΝΤΠῙΑΜ
635 778 872 831 PHOCEUM.

485 882 654 899 ..μ-1-

187 950 250 1002 Non
265 957 320 1009 eet,
340 964 389 997 eur
400 939 713 1002 Xanthiaoerubercat‚
734 939 808 1009 q'uod
816 937 964 1005 Phyllida
1030 969 1035 1008 i

188 1014 320 1069 ancillam
330 1022 411 1075 amet,
422 1026 505 1081 quum
515 1008 610 1085 multie
621 1006 809 1077 magnisonis
819 1005 963 1059 idemusu
1030 1019 1038 1062 :j

512 1084 629 1126 venerit.

465 1209 566 1249 HETR.
585 1207 670 1246 xvu.

257 1269 314 1354 Ne
324 1303 361 1352 ait
371 1297 490 1351 ancillae
500 1298 553 1349 tibi
564 1310 643 1347 amor
652 1293 762 1360 pudori,

258 1370 383 1423 Xanthia
392 1366 518 1420 Phoceu!
534 1366 617 1418 Prius
628 1362 796 1415 insolentem

259 1440 346 1495 Serva
356 1438 462 1491 Briseis
472 1438 555 1489 niveo
568 1434 663 1487 colore

328 1510 419 1562 Movit
427 1506 573 1560 Achillem.

259 1598 349 1650 Movit
358 1597 470 1648 Aiacem
481 1592 636 1643 Telamone
646 1593 744 1639 natum

259 1666 363 1717 Forma
373 1665 498 1728 captivae
510 1661 652 1712 dominum
663 1659 844 1710 Tecmessae:

260 1735 337 1785 Arsit
346 1732 459 1782 Atrides
470 1730 562 1780 medio
573 1730 603 1778 in
612 1723 755 1794 triumpho

330 1798 445 1866 Virgine
456 1802 551 1863 rapta3

260 1886 404 1939 Barbarae
415 1887 563 1951 postquam
575 1881 702 1934 cecidere
712 1886 824 1932 turmae

256 1955 399 2007 ‘Thessalo
410 1957 526 2015 victore,
538 1957 567 2003 et
578 1950 727 2016 ademptus
737 1950 845 2003 Hector

262 2024 393 2080 Tradidit
404 2024 485 2075 fessis
497 2022 604 2074 leviora
613 2020 677 2070 tolli
854 2032 856 2035 ·

331 2092 470 2160 Pergama
479 2091 581 2141 Graiis.

263 2179 386 2243 Nereius,
398 2194 433 2229 an
443 2183 473 2228 te
482 2191 617 2243 generum
627 2175 703 2226 beati

267 2249 406 2315 Phyllidis
417 2247 506 2299 flavae
519 2246 653 2298 decorent
661 2247 807 2310 parentes:

262 2319 380 2386 Regium
391 2321 468 2368 certe
477 2330 574 2383 genus,
585 2320 613 2366 et
621 2313 743 2365 Penates
852 2331 856 2337 ’

333 2387 444 2438 Maeret
453 2387 571 2450 iniquos.

267 2471 364 2533 crede,
375 2486 430 2521 non
440 2470 519 2521 illam
530 2470 581 2521 tibi
592 2468 626 2521 de
636 2468 758 2521 eoeleste
781 2491 783 2495 ,

266 2542 351 2592 Plebe
362 2539 506 2601 dilectam
521 2554 611 2604 neque
621 2540 662 2589 ain
672 2536 794 2598 fidelem

268 2610 313 2662 Sic
325 2610 402 2660 luero
414 2620 541 2659 aversam
552 2609 676 2672 potuisse
686 2606 765 2659 nasci

155 2699 188 2734 20
337 2678 431 2730 Matre
441 2676 580 2743 pudenda.
