2084 3075
524 219 558 230 ..
592 208 623 246 pv
657 221 692 233 ...-

227 292 310 344 Anto
324 293 397 359 ipse
411 291 631 348 sufficiebam
646 297 839 368 scribendis
857 305 983 368 episto·

225 376 270 430 lis
297 379 496 450 anricorum;
524 398 611 433 nunc
636 387 925 451 occupatissimus
948 396 983 441 et

224 437 397 529 insirnius,
428 465 610 517 Horatium
639 473 791 520 nostrum
820 476 853 522 te
881 476 981 538 cupio

224 545 404 603 adducere.
425 545 549 604 Veniet
562 553 807 621 igitur-abiete
821 560 981 621 parasiti-

224 652 261 687 ca
280 651 394 688 mensa
414 638 453 687 ad
473 636 719 706 hancrcgiam,
739 645 773 696 et
791 657 850 693 nos
869 643 982 709 inepi-

223 711 326 774 stolis
345 719 537 777 scribendis
558 724 745 776 adiuvabit.

237 817 257 848 ²'
275 827 331 876 ··Ac
347 839 381 877 ne
396 828 538 878 recusanti
549 827 661 895 quidem
672 831 722 877 aut
730 821 890 880 succensuit
899 830 980 895 quid-

223 926 319 977 quam,
335 916 385 961 aut
400 913 550 963 amicitiam
564 927 643 963 suam
659 914 788 979 ingerere
803 913 895 964 desiit.
924 913 980 965 Ex·

205 994 209 998 ’
223 1001 299 1047 stant
312 997 460 1064 epistolae,
475 1013 490 1049 e
505 998 604 1063 quibus
619 999 776 1064 argumenti
786 999 879 1065 gratia
889 1014 981 1065 pauca

216 1084 335 1140 subieci.
364 1082 461 1136 Sume
479 1080 544 1133 tibi
564 1082 695 1149 aliquid
714 1083 801 1133 iuris
821 1084 908 1149 apud
923 1100 979 1146 me,

216 1171 392 1236 ,tamquam
412 1169 440 1219 si
460 1168 639 1229 convictor·
657 1166 738 1218 mihi
757 1167 878 1221 fueris:
901 1184 979 1236 quo-

215 1256 309 1308 niam
333 1253 367 1305 id
390 1268 471 1304 usus
495 1251 577 1303 mihi
601 1257 712 1304 tecum
733 1268 808 1318 esse
827 1254 934 1316 volui,
953 1256 980 1306 si

216 1355 279 1407 ,per
308 1338 547 1398 valetudinem,
567 1341 657 1398 tuam
685 1336 767 1389 fieri
795 1340 978 1405 potuisset.

215 1427 375 1480 Etrursus:
394 1418 458 1475 T'ui
474 1422 606 1491 qualem
619 1421 758 1487 habeam
773 1428 979 1489 memoriam,

218 1511 349 1580 poteris
375 1525 416 1567 ex
441 1508 607 1577 Septi-mio
631 1525 764 1580 quoquo
784 1514 902 1561 nostro
923 1524 978 1561 au-

218 1601 305 1652 direr
324 1610 412 1653 'nam
435 1597 573 1659 incidit,
597 1596 714 1657 utillo
735 1610 847 1661 coram
868 1594 978 1647 fieret

216 1700 235 1737 a
253 1698 302 1737 me
320 1683 528 1737 tuimoutio.
562 1681 676 1750 Neque
696 1683 797 1744 enim,
822 1681 904 1730 situ
923 1697 976 1732 su-

215 1770 341 1835 perbus
384 1768 572 1828 amicitiam
610 1771 763 1818 nostram
801 1766 976 1832 sprevisti,

215 1855 297 1909 ideo.
309 1864 369 1907 nos
384 1868 518 1922 quoque
527 1850 810 1918 ,osvonmppponoopm
967 1914 970 1921 Ι

135 1971 140 1977 ·
215 1972 219 1979 -
239 1964 241 1973 ν
274 1939 439 2008 ¹Praeterea
453 1955 537 2005 saepe
551 1953 629 1998 cum,
642 1936 716 1999 inter
731 1935 802 1987 alios
814 1937 904 2000 iocos,
919 1952 975 2004 pu·

216 2027 385 2081 tissimum
407 2041 551 2092 penem„
564 2027 593 2072 et
611 2018 873 2076 homuncionem
891 2023 975 2093 lepi-

216 2112 392 2163 dissimum
406 2109 571 2179 appellarit3
590 2119 701 2172 unaque
711 2112 740 2158 et
750 2107 975 2167 ulteraiiberali-

214 2202 274 2249 tate
288 2197 478 2264 locupletarit.
503 2190 614 2257 Scripta
629 2191 741 2257 quidem
757 2195 817 2244 eius
828 2209 915 2260 usque
926 2195 975 2245 ad-

215 2299 249 2336 eo
264 2285 404 2350 mebant,
419 2291 606 2344 mansuraque
621 2283 757 2344 perpetuo
772 2275 900 2344 opinatus
916 2285 975 2345 est3

214 2376 247 2421 ut
260 2374 317 2422 non'
331 2367 415 2419 modo
431 2364 559 2418 seculare
574 2378 686 2417 carmen
702 2365 922 2429 componendum
933 2368 975 2416 in-

210 2455 350 2516 iunxerit3
368 2452 430 2505 ⁴secl
451 2456 480 2504 et
498 2449 674 2502 Vindelicum
693 2451 839 2500 victoriam
856 2451 977 2516 Tiberii,

214 2542 357 2607 Drusique
365 2539 556 2606 privignorum
567 2550 695 2598 suorum3
712 2549 830 2603 eumque
841 2538 977 2602 coegerit,

215 2606 410 2693 propter'hoe,
422 2626 513 2677 tribus
528 2623 682 2675 carminum
696 2620 775 2672 libris
789 2635 823 2672 ex
837 2620 921 2688 longo
932 2625 976 2681 in-

213 2713 332 2768 tervallo
343 2718 473 2785 quartum
488 2709 605 2767 andere:
624 2713 689 2777 post
699 2706 848 2773 Sermones
858 2722 926 2785 vero
936 2707 977 2763 lo-
