2084 3075
237 150 301 202 loo
481 144 772 199 sarranium

248 249 382 304 Pastillos
393 250 512 303 Rufillus
525 250 596 312 olet,
607 248 768 316 Gorgonius
779 247 906 301 hircum.

247 322 295 373 Nil
306 321 425 372 medium
436 326 487 373 est.
502 319 582 382 Sunt,
592 320 639 386 qui
650 318 872 386 nolinttetigisse
879 322 947 372 nisi
953 321 1029 385 illas,

249 392 374 453 Quarum
384 392 500 441 subsuta
510 388 585 439 talos
597 392 674 455 tegat
683 389 780 438 instita
788 394 876 439 veste.

207 460 241 509 50
250 461 353 511 Contra
363 460 434 510 alius
444 459 549 509 nullam
561 459 614 507 nisi
625 457 711 507 olenti
722 459 752 507 in
763 457 872 508 fornice
884 465 1025 512 stantem.

227 531 229 533 ’
249 530 369 591 Quidam
381 535 463 581 notus
474 528 556 579 homo
568 542 652 595 quum
664 529 754 578 exiret
764 525 891 589 fornice,
905 537 1004 581 macte

242 598 363 652 ,Virtute
373 605 447 661 esto,
459 600 551 666 inquit
562 597 702 648 sententia
713 597 760 646 dia
771 597 907 647 Catonis:

249 668 321 720 Nam
331 669 414 719 simul
424 684 456 719 ac
466 683 550 720 venas
560 665 668 717 inllarit
678 670 753 716 tetra
763 666 860 728 libido,

250 738 314 789 Huc
326 740 439 789 iuvenes
454 752 573 804 aequum
585 735 821 797 est'deseendere‚
838 749 899 786 non
912 738 1020 789 alienas

209 798 241 851 55
250 806 411 858 Permolere
422 822 532 858 uxores.
553 805 644 857 Nolim
656 805 811 867 laudarier,
821 805 932 871 inquit,

251 874 298 926 Sic
308 891 364 938 me,
375 879 492 927 mirator
503 877 586 928 cunni
598 876 767 941 Cupiennius
778 874 844 925 albi.

250 944 353 997 Audire
364 951 407 998 est
416 960 517 1011 operae
528 947 647 1011 pretium
653 980 661 1006 ,
672 943 824 1009 procedere
836 950 922 996 reete

250 1013 305 1075 Qui
315 1013 438 1066 moechis
449 1029 505 1064 non
516 1015 614 1077 vultis,
626 1019 656 1063 ut
667 1015 742 1064 omni
753 1019 833 1079 parte
846 1013 996 1078 laborent3

249 1083 340 1149 thue
350 1084 405 1132 illis
416 1082 504 1132 multo
516 1088 649 1148 corrupta
660 1082 758 1134 dolore
768 1082 914 1148 voluptas,

208 1143 241 1195 40
249 1154 338 1218 Atque
348 1150 416 1201 haec
424 1164 503 1212 rara,
513 1151 597 1202 eadat
607 1152 678 1208 dura
687 1153 762 1202 inter
773 1166 858 1217 saepe
869 1154 989 1218 pericla

249 1221 303 1272 llic
314 1235 343 1272 se
354 1221 534 1287 praecipitem
545 1225 619 1272 tecto
630 1220 719 1273 dedit:
734 1220 784 1271 ille
795 1219 923 1287 flagellis

248 1291 290 1342 Ad
301 1295 418 1341 mortem
429 1304 539 1340 caesus:
555 1289 664 1355 fugiens
675 1289 720 1340 hie
729 1289 834 1341 decidit
844 1304 945 1342 acrem
965 1331 977 1346 .

249 1358 425 1411 Praedonum
443 1360 473 1407 in
492 1358 616 1408 turbam:
638 1360 715 1411 dedit
729 1357 774 1410 hie
788 1373 839 1426 pro
857 1375 977 1426 corpore

293 1473 296 1478 ,
667 1443 806 1480 nummos:

249 1500 332 1552 Hune
341 1501 551 1566 perminxerunt
562 1499 687 1563 salones3
702 1500 771 1568 quin
782 1500 870 1550 etiam
880 1499 955 1567 illud
1040 1513 1041 1516 ’

207 1569 241 1618 45
249 1570 368 1630 decidit,
379 1578 411 1618 ut
421 1573 530 1621 cuidam
541 1574 629 1620 testes
639 1569 811 1634 caudamque
822 1568 949 1621 salacem

249 1636 433 1686 Ilerneterent
443 1637 529 1688 ferro.
549 1639 612 1689 lure
623 1652 733 1701 omnem
749 1636 839 1699 Galba
849 1640 978 1706 negabat.
1039 1640 1040 1653 ¹

249 1704 350 1754 Tutior
361 1709 390 1753 at
399 1712 503 1771 quanto
514 1721 595 1759 merx
604 1710 647 1758 est
657 1708 685 1758 in
696 1707 785 1758 classe
795 1707 934 1759 secunda!

248 1769 456 1823 libertinarum
468 1775 545 1839 dieo;
562 1775 711 1828 Sallustius
721 1779 749 1827 iu
761 1792 830 1844 quas

248 1838 310 1891 Non
321 1844 411 1893 urinus
419 1845 533 1907 insanit,
538 1860 621 1912 quam
627 1848 675 1913 qui
685 1846 856 1898 moechatur.
875 1849 912 1898 At
921 1846 964 1899 hie
972 1847 1001 1907 si,

207 1909 240 1961 50
249 1912 311 1972 Qua
321 1927 379 1976 res,
389 1929 445 1981 qua
455 1916 529 1967 ratio
541 1915 684 1979 suaderet,
695 1930 803 1985 quaque
813 1915 942 1968 modeste

248 1980 382 2033 Munilieo
393 1999 453 2035 esse
464 1984 543 2046 licet,
554 1984 638 2037 vellet
647 1985 749 2049 bonus,
759 1990 843 2051 atquo
853 1986 987 2053 benignus

248 2049 329 2100 Esse:
346 2051 429 2104 daret
439 2059 573 2120 quantum
584 2057 652 2106 satis
663 2061 750 2118 esset3
771 2070 822 2106 nee
833 2055 887 2105 sibi
897 2055 1002 2115 damno,

248 2118 530 2188 Dedecoriquefor'et.
550 2122 1001 2191 Verumlrocsoampleetiturunm

248 2188 312 2239 lloo
321 2195 406 2250 amat,
417 2195 446 2241 et
454 2191 563 2242 laudat:
574 2199 730 2249 matronam
739 2194 904 2262 nullamego
912 2201 1000 2261 tango·

208 2245 240 2298 55
249 2259 286 2309 Ut
295 2258 436 2325 quondam
445 2259 605 2327 Marsaeus,
616 2270 724 2316 amator
734 2264 870 2332 Originis3
886 2264 945 2329 ille,

251 2327 305 2388 Qui
314 2330 436 2394 panium
446 2333 547 2384 mimae
558 2333 645 2395 doust
654 2333 840 2401 fundumque,
848 2333 1000 2403 laremque:

248 2396 295 2446 Nil
310 2397 397 2450 fuerit
410 2404 463 2462 ml,
482 2402 587 2468 inquit,
608 2419 671 2454 eum
680 2404 823 2521 luuoribus
838 2420 970 2473 umquam

663 2486 680 2520 a
692 2488 771 2523 serus.

248 2528 352 2582 Verum
362 2541 406 2585 est
417 2552 479 2589 cum
488 2539 588 2600 mimis,
594 2543 636 2588 est
642 2553 705 2593 curu
711 2543 921 2607 meretricibus3
933 2545 998 2594 unde

248 2595 335 2649 Fama
348 2604 452 2656 malum
467 2608 593 2671 gravius,
613 2621 696 2671 quam
714 2622 761 2658 res
774 2610 870 2662 trahit.
899 2613 941 2665 An
955 2613 999 2662 tihi

662 2675 771 2728 abunde
