2084 3075
170 114 175 121 '
234 130 268 184 ss
480 122 736 177 caussinum

191 230 226 283 25
270 233 451 297 contemptae
461 228 590 281 (lominus
599 226 770 290 splendidior
779 228 830 289 rei,

270 302 361 364 Quam
371 302 410 361 si,
420 296 554 365 quidquid
564 300 626 345 arat
635 296 753 361 impiger
762 296 895 362 Appulus,

305 368 454 421 occultare
463 368 533 416 meis
544 363 651 414 dicerer
660 362 776 425 horreis,

340 437 458 503 Magnas
468 437 543 484 inter
553 447 619 497 opes
628 433 718 497 inops.

270 541 363 592 Purae
372 541 447 590 rivus
459 545 562 605 aquae,
573 536 696 602 silvaque
706 536 834 601 iugerum

193 613 227 663 50
270 610 441 667 Paucorum,
451 611 481 657 et
490 606 593 672 segetis
605 608 681 655 certa
691 603 759 654 lidos
770 618 857 666 meae,

202 717 205 722 «
305 677 469 743 Fulgentem
479 674 596 739 imperio
606 671 708 723 fertilis
716 670 826 724 Africae

339 744 424 796 Fallit
434 748 509 794 sorte
519 744 635 793 beatior.
1022 763 1023 820 l

272 849 444 915 Quamquam
454 862 505 898 nee
517 845 652 897 Calabrae
663 846 747 896 mella
757 845 853 896 ferunt
863 860 939 911 apes,

271 916 328 967 Nec
338 915 542 981 Laestrygonia
553 912 677 965 Bacchus
687 916 716 963 in
727 911 861 978 amphora

195 979 228 1030 35
308 984 478 1049 Languescit
486 982 553 1036 mihi
559 1019 567 1044 ,
578 998 628 1033 nee
638 984 752 1048 pinguia
761 980 879 1033 Gallicis

343 1053 478 1102 Crescunt
487 1051 593 1100 vellera
602 1052 723 1115 pascuis:

273 1156 436 1222 lmportuna
444 1157 538 1203 tamen
547 1154 693 1218 pauperies
703 1152 794 1216 abest3

271 1223 341 1286 Nec,
352 1224 376 1273 si
385 1221 466 1287 plura
475 1220 572 1282 velim,
581 1226 612 1270 tu
624 1220 691 1271 dane
703 1222 830 1288 deneges.

253 1343 255 1350 ,
307 1294 457 1344 contracto
468 1290 568 1340 melius
578 1304 663 1355 parva
674 1290 801 1355 cupidine

194 1358 228 1409 40
278 1355 285 1372 “
341 1356 497 1425 Vectigalia
507 1360 657 1425 porrigam,

182 1456 188 1486 '
272 1465 362 1525 Quam
372 1464 395 1514 si
406 1462 568 1529 Mygdoniis
578 1477 694 1529 regnum
703 1461 827 1529 Alyattei

273 1531 675 1651 ⁰²13¹¹ils⁰lll¹5¹¹¹nli¹ii
683 1530 944 1653 iiiiiiimun
1021 1588 1022 1627 l

340 1668 442 1731 Paroa,
453 1637 528 1735 quoil
538 1670 606 1717 satis
617 1675 672 1731 est,
679 1636 773 1718 inanu.
1021 1634 1022 1685 i

150 1844 156 1855 .
244 1778 977 1833 ooooooooooeoeeooeoeooooooooooo

452 1882 485 1957 0
500 1885 540 1956 D
554 1885 591 1958 E
625 1883 664 1957 X
675 1884 741 1957 VI
744 1885 773 1957 I
771 1938 778 1952 .
818 1903 821 1909 ·

372 2008 432 2057 AD
456 2009 642 2058 AELIUM
663 2008 855 2059 mmm.

531 2103 698 2112 —.-———

236 2153 304 2205 Eius
313 2150 484 2203 nobilitatem
493 2149 594 2201 laudat
598 2175 608 2211 ;
625 2153 722 2203 deinde
732 2154 869 2215 admonet,
880 2162 913 2202 ut
923 2152 985 2201 diem
1021 2148 1022 2195 j

285 2219 441 2279 crastinum,
447 2216 689 2288 pluviumforsan‚
699 2219 826 2271 hilariter
836 2220 941 2289 exigat.
1021 2204 1022 2231 ¹

492 2352 494 2355 ’
521 2340 622 2382 HETR·
640 2345 708 2383 XVI·

307 2395 399 2487 Aeli,
407 2430 517 2477 vetusto
528 2428 627 2479 nobilis
638 2430 673 2479 ab
682 2429 781 2492 Lamo,

308 2493 438 2556 (Quando
448 2498 477 2544 et
485 2496 592 2559 priores
603 2494 667 2545 hino
677 2496 790 2548 Lamias
801 2497 899 2548 ferunt

343 2561 558 2622 Denominatos,
568 2567 597 2611 et
607 2568 739 2627 nepotum

376 2627 432 2681 Per
442 2642 578 2681 memores
587 2643 674 2696 genus
684 2645 765 2683 omne
776 2631 875 2695 fastos,
