2084 3075
241 187 295 242 230
446 178 798 238 EPISTOLARUM

243 292 366 359 Scripta,
377 288 523 342 Palatinus
534 303 725 357 quaecumque
736 291 845 356 recepit
852 289 973 357 Apollo:

243 362 298 425 lle,
307 364 331 414 si
342 359 416 412 forte
426 373 492 411 suas
502 361 652 426 repetitum
663 360 773 410 venerit
783 358 851 410 olim

244 432 320 485 Grex
331 433 422 481 avium
433 428 557 496 plumas;
573 431 684 479 moveat
694 428 839 481 cornicula
849 430 952 492 risum,

201 521 234 556 πο
243 501 366 554 Furtivis
376 499 481 550 nudata
490 496 639 547 celeribus.
659 498 719 562 lpse
730 497 797 564 quid
806 497 915 549 audes!

244 571 323 633 Quae
330 568 535 623 circumvolitas
542 566 623 634 agilis
630 563 743 631 thyma?
754 565 816 617 Non
828 567 880 617 tibi
890 581 1002 634 parrum

243 640 403 708 Ingenium,
414 653 469 689 non
479 636 615 688 incultum
627 639 683 696 est,
694 640 723 685 ct
732 638 853 701 turpiter
866 634 982 687 hirtum:

245 707 302 762 Seu
311 709 433 775 linguam
446 708 552 758 caussis
563 704 654 766 acuis,
665 719 716 754 seu
726 706 814 754 civica
825 705 891 755 iura

243 777 421 843 Respondere
433 790 530 893 paras,
540 789 590 825 seu
600 773 697 825 condis
708 773 827 826 amabile
839 788 965 838 carmem

202 852 236 904 25
245 848 340 906 Prima
350 845 424 895 feres
454 844 557 895 ederae
566 843 687 894 victricis
697 844 832 908 praemia
854 843 938 905 Quod
948 842 970 893 si

245 914 361 980 Frigida
371 927 501 964 curarum
514 913 639 964 fomenta
649 911 810 978 relinquere
820 927 935 978 posses3

247 984 309 1045 Quo
320 989 348 1033 te
358 982 489 1037 caelestis
500 983 638 1048 sapientia
648 980 777 1044 duceret,
787 983 852 1033 ires.

246 1052 309 1108 Hoc
319 1066 397 1118 opus,
408 1051 461 1102 lroc
470 1051 676 1117 studiumparvi
682 1065 872 1117 properemus,
877 1048 1002 1116 etampli3

247 1119 277 1173 Si
288 1123 397 1186 patriae
408 1120 550 1182 volumus,
561 1123 585 1171 si
597 1121 676 1170 nobis
684 1121 778 1171 rivere
788 1121 856 1171 cari.

205 1191 239 1243 50
247 1189 341 1242 Debes
352 1188 404 1241 hoc
415 1191 499 1241 etiam
510 1190 680 1252 rescribere;
695 1191 721 1245 si
728 1189 780 1239 tibi
790 1204 886 1252 curae,

248 1261 377 1323 Quantae
388 1260 547 1320 conveniet,
558 1259 715 1308 Munatius:
730 1273 766 1307 an
776 1257 849 1310 male
860 1264 941 1309 sarta

250 1329 350 1380 Gratia
360 1328 547 1395 nequidquam
559 1328 627 1389 coit,
638 1332 667 1378 et
677 1325 862 1378 rescinditur?
876 1329 912 1377 nt
922 1343 971 1380 vos

250 1397 307 1451 Seu
317 1397 425 1449 calidus
436 1397 563 1463 sanguis,
572 1411 622 1446 seu
632 1397 850 1453 reruminscitia
858 1402 955 1459 vexat,

249 1467 390 1519 indomita
401 1467 506 1518 cervice
517 1465 607 1526 feros3
621 1466 788 1532 ubicumque
800 1465 928 1516 locorum
946 1480 952 1485 ’

208 1535 241 1588 55
250 1536 362 1599 vivitis,
373 1536 479 1604 indigni
490 1535 646 1587 fraternum
658 1550 788 1602 rumpere
799 1533 915 1598 foedus;

250 1606 378 1658 Pascitur
388 1607 416 1655 in
426 1611 549 1674 vestrum
560 1605 682 1657 reditum
693 1607 786 1656 activa
794 1606 923 1658 iuvenca.

258 1742 1005 1772 mmm-*Hm

427 1844 724 1919 errorem
755 1812 832 1920 [ν’.
925 1913 933 1930 ,

343 1977 402 2024 AD
433 1977 622 2027 ALBIUM
652 1967 915 2027 riuvinum.

284 2134 333 2184 Aa
342 2131 463 2184 lahorem
472 2134 623 2196 honestum,
634 2154 750 2205 moxque
761 2136 799 2185 ad
808 2134 984 2203 voluptatem

528 2219 589 2250 eum
598 2202 735 2252 hortatur.

251 2273 346 2367 Albi,
355 2309 515 2358 nostrorum
526 2321 686 2362 sermonum
697 2310 815 2361 candide
825 2306 921 2368 iudex,

253 2374 328 2436 Quid
338 2389 411 2425 nunc
420 2380 450 2426 te
460 2374 550 2427 dicam
560 2374 654 2428 facere
665 2379 694 2427 in
704 2381 819 2446 regione
830 2375 966 2428 Pedana?

253 2441 395 2504 Scribere,
410 2443 485 2510 quod
495 2446 574 2495 (lassi
584 2444 742 2498 Parmensis
759 2444 895 2514 opuscula
905 2443 1013 2498 vincat!

254 2511 295 2560 An
306 2512 423 2562 tacitum
434 2512 518 2563 silvas
530 2515 604 2564 inter
613 2519 726 2581 reptare
733 2517 873 2578 salubres,

230 2580 246 2630 5
256 2577 405 2630 curantem
412 2580 547 2648 quidquid
553 2582 665 2648 dignum
674 2586 810 2650 sapiente,
818 2586 952 2651 bonoque
959 2583 1015 2638 esti

254 2645 316 2696 Non
326 2654 358 2696 tu
368 2660 468 2713 corpus
479 2663 543 2699 eras
553 2651 614 2701 sine
625 2657 752 2716 pectore:
772 2654 811 2705 Dt
822 2654 873 2704 tibi
886 2651 1016 2716 formam,

254 2712 293 2764 Di
301 2714 353 2765 tibi
363 2714 473 2769 divitias
484 2717 636 2784 dederunt,
647 2725 793 2792 artemque
804 2722 928 2777 fruendi.
