2084 3075
295 213 442 268 uranu
466 216 540 268 ns.
749 201 797 270 rei

12 318 169 371 Maxima
180 314 312 381 formid03
327 333 392 368 nam
402 318 479 371 fures
489 319 589 370 dextra
599 325 717 381 coerect,
737 370 741 379 ,

15 388 244 454 Obscaenoque
253 388 337 438 ruber
347 394 491 454 porrectus
502 389 537 439 ab
547 389 659 456 inguine
669 389 757 455 palus.
808 398 824 451 5

18 458 83 508 Ast
93 457 275 521 importunas
286 457 412 507 volucres
422 459 451 507 in
461 459 564 509 vertice
575 453 683 507 arundo
788 449 794 470 *

20 526 146 576 Terret
158 526 239 588 lissa3
253 530 383 592 vetatque
394 528 471 575 novis
482 526 627 577 considere
637 528 665 574 in
676 523 771 576 hortis.

20 595 196 662 Huc-prius
207 596 333 660 angustis
343 596 432 644 eiecta
442 594 577 645 cadavera
587 594 665 645 cellis

23 664 202 714 conservus
212 663 260 711 vili
271 662 408 727 portanda
418 661 530 712 locabat
539 664 568 712 in
579 677 656 713 arca:

23 732 102 782 Hoc
113 733 238 782 miserae
248 730 322 795 plebi
332 730 425 780 stabat
435 746 580 782 commune
591 732 757 798 sepulcrum,
814 747 843 781 ιο

24 799 201 851 Pantolabo
212 813 339 859 scurrae,
349 797 576 867 Nomentanoque
586 800 695 868 Nepoti.

25 865 120 920 Mille
132 868 221 934 pedes
231 869 260 917 in
270 866 373 929 fronte,
384 873 524 919 trecentos
534 873 628 937 cippus
638 873 666 920 in
677 884 744 937 agro

28 938 95 988 llic
105 937 207 987 dabat:
221 935 337 987 heredes
348 945 557 989 monumentum
568 956 602 991 ne
613 945 785 1008 sequeretur.

29 1006 123 1058 Nunc
133 1005 204 1056 licet
213 1005 349 1072 Exquiliis
358 1005 485 1058 babitare
496 1009 666 1072 salubribus,
677 1014 760 1075 utque

31 1078 152 1142 Aggere
163 1076 192 1124 in
202 1076 296 1141 aprico
307 1078 435 1141 spatiari3
450 1092 504 1143 quo
514 1078 597 1128 modo
606 1080 701 1129 tristes
814 1078 843 1128 15

35 1144 120 1195 Albis
130 1143 280 1195 informem
291 1147 454 1210 spectabant
465 1147 573 1197 ossibus
584 1163 690 1213 agrum.

37 1213 139 1273 Quum
150 1211 217 1263 milri
227 1228 282 1264 non
291 1219 400 1264 tantum
412 1214 553 1282 furesque,
564 1215 694 1281 feraeque
705 1219 802 1266 suetae

37 1282 129 1333 Hunc
138 1297 240 1333 vexare
250 1282 342 1333 locum
353 1299 437 1335 curae
448 1290 525 1345 sunt,
537 1290 619 1351 atque
630 1284 733 1346 labori3

40 1352 189 1411 Quantum
199 1352 367 1402 carminibus
377 1368 447 1419 quae
456 1358 578 1415 versant,
590 1358 672 1421 atque
681 1352 804 1411 venenis,

40 1419 193 1471 Humanos
205 1422 324 1471 animos:
338 1419 389 1470 lras
399 1421 477 1471 nullo
488 1423 606 1487 perdere
616 1436 730 1486 possum
814 1438 846 1473 20

42 1488 105 1541 Nec
116 1488 262 1555 probibere
273 1488 365 1550 modo,
373 1490 456 1538 simul
467 1504 500 1539 ac
507 1503 578 1554 vaga
587 1488 804 1540 Lunadecorum

45 1559 170 1611 Protulit
180 1573 224 1619 os,
235 1559 302 1623 quin
312 1570 376 1606 ossa
385 1556 489 1622 legant,
499 1554 653 1626 herbasque
664 1552 803 1610 nocentes.

46 1626 113 1679 Vidi
124 1631 234 1691 egomet
245 1627 325 1691 nigra
334 1626 503 1676 succinctam
512 1627 614 1679 radere
624 1626 700 1694 palla

50 1694 209 1756 Canidiam,
220 1693 336 1759 pedibus
346 1693 443 1755 nudis,
453 1708 590 1762 passoque
601 1697 709 1762 capillo,
734 1743 738 1749 .

51 1766 121 1816 Cum
133 1761 242 1814 savena
252 1764 359 1814 maiore
368 1762 536 1814 ululantem:
556 1765 662 1831 (pallor
671 1772 804 1835 utrasque
813 1771 845 1821 25

50 1799 332 1886 Feceratlrorrendas
343 1831 492 1897 adspectu)
503 1833 628 1900 scalpere
638 1840 742 1886 terram

50 1903 206 1970 Unguibus,
217 1907 246 1954 et
254 1900 361 1968 pullam
371 1900 504 1952 divellere
515 1903 655 1952 mordicus
666 1918 766 1971 agnam

53 1973 220 2037 Coeperunt:
231 1986 315 2022 cruor
324 1972 354 2020 in
364 1969 469 2022 fossam
479 1968 624 2033 confusus3
639 1976 670 2019 ut
678 1971 743 2022 inde

53 2042 151 2093 Manes
161 2040 293 2092 elicerent
303 2041 422 2102 animas,
432 2054 566 2105 responsa
577 2040 700 2090 daturas.

55 2110 149 2162 Lanea
158 2114 185 2161 et
195 2109 301 2177 effigies
311 2115 386 2172 erat;
401 2110 492 2160 altera
503 2125 596 2160 cerea:
612 2110 701 2159 maior
816 2113 848 2162 30

57 2179 159 2240 Lanea,
169 2194 238 2245 quae
249 2180 345 2244 poenis
356 2184 545 2245 compesceret
554 2176 725 2231 inferiorem.

59 2250 143 2299 Cerea
152 2248 311 2314 suppliciter
322 2248 426 2311 stabat,
436 2249 582 2299 servilibus
592 2253 624 2298 ut
634 2263 705 2316 quae

59 2320 117 2371 lam
126 2319 247 2383 peritura
257 2316 353 2367 modis.
374 2316 806 2380 Hecatenvoeatalteru,saevam

61 2387 150 2438 Altera
158 2385 334 2451 Tisiphonen.
345 2384 506 2452 Serpentes,
517 2392 600 2453 atque
610 2387 719 2440 videres

60 2455 177 2509 Infernas
189 2470 283 2507 errare
294 2470 390 2519 canes3
408 2456 571 2524 Lunamque
581 2459 736 2519 rubentem,
815 2458 847 2512 55

62 2525 101 2577 Ne
112 2523 178 2575 foret
186 2524 229 2575 bis
238 2526 332 2588 testis,
341 2529 404 2591 post
414 2540 515 2592 magna
525 2526 614 2576 latere
625 2527 761 2593 sepulcra.

64 2595 176 2647 Mentior
186 2598 215 2643 et
225 2594 249 2644 si
261 2593 339 2662 quid,
354 2594 457 2645 merdis
468 2601 553 2660 caput
562 2597 690 2661 inquiner
701 2597 771 2647 albis

66 2664 220 2728 Gorrorum3
236 2667 320 2732 atque
334 2664 364 2715 ln
378 2679 422 2716 me
436 2666 532 2715 veniat
546 2664 673 2729 mictum,
689 2671 771 2732 atque

467 2736 594 2789 cacatum
