2084 3075
269 202 418 284 Lim
444 201 482 252 ll.
508 201 536 253 2.
737 202 787 254 195

8 312 165 375 ntegrum
176 306 252 359 edax
262 305 391 358 domiuus
402 305 588 357 consumeret.
608 303 669 355 Hos
680 303 787 356 utinam

436 376 512 425 iuter

8 448 127 498 [ereas
140 450 242 495 natum
252 444 337 496 tellus
348 460 392 495 me
403 446 494 509 prima
504 440 628 491 tulisset!

8 518 65 567 ηε
79 514 201 581 aliquid
211 513 316 575 famae,
327 528 412 579 quae,
422 513 546 563 carmine
557 511 678 576 gratior,
689 526 785 562 aurem

8 586 146 649 κουραὶ
158 581 328 633 humanami
342 581 471 632 Grandes
481 579 604 640 rhombi,
619 581 784 646 patinaeque
795 581 828 648 95

8 651 244 713 {raudeferunt
255 665 384 700 unacum
395 649 495 699 damno
507 648 629 699 dedecus
634 665 644 704 r,
657 647 728 699 adde

11 727 123 773 ratum
134 727 287 787 patruum,
297 720 415 779 vicinos,
425 723 454 768 te
465 718 515 768 tibi
526 719 665 784 iniquum3

9 794 42 843 it
51 790 175 842 frustra
185 788 284 838 mortis
295 786 438 852 cupidum,
450 802 535 853 quum
546 787 636 838 deerit
647 788 740 854 egenti

8 864 76 922 ies,
89 859 194 925 laquei
204 857 334 922 pretium.
353 856 430 919 lure,
439 857 542 923 inquit,
553 857 690 908 Trausius
700 858 762 908 istis

8 932 154 996 iurgatur
163 926 268 976 verbis:
287 940 338 992 ego
348 926 496 993 vectigalia
507 940 617 993 magna,
796 941 843 975 100

8 998 199 1063 Divitiesque
210 993 298 1046 habeo
308 996 398 1046 tribus
408 996 514 1062 amplas
525 997 644 1061 regibus.
664 997 747 1063 Ergo,

8 1066 100 1130 Quod
112 1069 239 1130 superat,
250 1079 306 1115 non
317 1064 782 1132 estmeliusquoinsumerepessisi

8 1138 72 1186 Cur
83 1140 151 1202 eget
162 1134 293 1199 indignus
304 1137 462 1202 quisquam,
473 1142 501 1185 te
514 1134 615 1186 divite?
631 1151 717 1202 quare

9 1203 139 1270 Templa
148 1210 235 1254 ruunt
245 1203 474 1271 autiqueDedmi
485 1218 543 1265 eur,
554 1205 688 1269 improbe,
701 1219 781 1253 carae

10 1274 81 1324 Nou
93 1272 200 1339 aliquid
212 1276 319 1339 patriae
330 1279 410 1324 tauto
421 1274 545 1325 emetiris
557 1271 674 1322 ueervei
794 1269 840 1319 105
891 1325 896 1334 ,

11 1343 71 1393 Uni
83 1344 216 1392 nimirum
225 1345 275 1393 tibi
287 1349 381 1395 rectae
393 1358 504 1408 semper
515 1347 599 1393 eruut
608 1340 673 1392 resi

14 1413 41 1462 0
53 1426 172 1478 mugnus
183 1410 298 1477 posthac
309 1414 428 1462 inimicis
438 1410 525 1462 risus!
541 1411 644 1462 Uterne

16 1480 61 1533 Ad
72 1495 154 1531 eusus
165 1480 263 1530 dubios
274 1481 342 1530 fidet
352 1482 404 1530 sibi
415 1477 536 1530 certiusi
551 1477 609 1541 hic,
620 1480 668 1546 qui

17 1550 153 1601 Pluribus
164 1549 289 1599 adsuerit
298 1553 433 1608 mentem,
450 1562 606 1614 corpusque
618 1547 780 1613 superbum3

20 1620 63 1671 Au
72 1621 119 1687 qui
130 1623 277 1669 contentus
287 1631 385 1681 parve,
395 1621 576 1684 metuensque
587 1617 685 1680 futuri,
794 1633 840 1666 110

22 1689 55 1740 lu
63 1703 147 1755 pace,
157 1690 189 1734 ut
199 1688 322 1750 sapiens,
334 1686 438 1752 aptarit
448 1686 549 1736 idonea
558 1686 649 1739 belloi

25 1759 86 1820 Quo
108 1755 195 1822 magis
215 1753 258 1804 his
277 1753 386 1805 eredas:
406 1769 475 1820 puer
489 1753 562 1873 ilium
577 1771 745 1825 egepurvus

437 1824 489 1875 Ofe
502 1824 560 1875 lum

28 1895 144 1961 Integris
153 1894 248 1959 opibus
259 1895 322 1944 nevi
334 1908 389 1945 nou
400 1893 485 1943 latius
495 1909 585 1955 usum,
757 1946 765 1956 ,

30 1967 118 2027 Quum
126 1978 196 2014 nuuc
207 1965 313 2014 accisis.
335 1961 438 2013 Videas
449 1967 553 2012 metu'to
565 1964 593 2012 in
603 1963 694 2028 agello
718 1980 720 1983 ¹

33 2036 100 2084 Cum
109 2047 215 2098 pecore,
227 2047 256 2084 et
265 2035 372 2101 gnatis,
382 2031 483 2083 fortem
494 2032 623 2084 mercede
634 2031 772 2093 colunum,
794 2040 839 2090 115

33 2103 92 2154 Non
103 2116 163 2169 ego,
173 2108 345 2164 narrantem,
356 2107 463 2154 temere
475 2101 520 2153 edi
532 2101 594 2153 luce
605 2100 730 2168 profesta

36 2172 180 2237 Quidquam
191 2178 302 2237 praeter
312 2173 374 2223 elus
385 2171 512 2223 fumosae
523 2172 781 2238 eumpedepernae.

38 2244 69 2293 At
77 2239 139 2292 mihi
149 2256 195 2291 seu
206 2241 318 2309 lengum
330 2247 393 2308 post
405 2248 514 2308 tempus
524 2246 642 2292 venerut
650 2241 759 2305 hospes,

39 2310 96 2362 Sive
106 2325 212 2377 operum
222 2326 309 2362 vacuo
319 2317 416 2379 gratus
427 2313 542 2362 conviva
551 2326 601 2376 per
611 2312 728 2362 imbrem

40 2379 154 2442 Vieiuus3
167 2380 234 2431 bene
244 2386 318 2442 erat,
328 2397 382 2431 nou
394 2382 516 2447 piscibus
527 2382 596 2431 urbe
606 2382 714 2445 petitis3
794 2399 840 2434 120

43 2448 92 2501 Sed
101 2448 178 2515 pullo,
188 2455 270 2516 atque
280 2449 382 2501 haedo:
392 2448 780 2516 tumpensilisuvaseeundas‚

43 2519 75 2569 Et
84 2520 253 2569 nurernabat
262 2534 385 2581 menses,
396 2536 457 2571 cum
470 2520 579 2586 duplice
590 2521 652 2571 lieu.

46 2588 104 2640 Post
112 2586 159 2638 hoc
167 2587 245 2638 ludus
255 2595 328 2650 erat,
339 2590 422 2655 culpe
431 2595 530 2655 putare
541 2591 687 2656 magistra3

47 2658 79 2709 Ae
87 2662 206 2709 veneratu
215 2657 312 2719 Ceres,
321 2661 361 2708 ita
372 2659 463 2709 culmo
473 2665 602 2728 surgeret
612 2658 679 2721 alto,

48 2726 170 2794 Explicuit
177 2727 237 2788 rino
248 2732 409 2779 contractae
421 2731 494 2780 seria
503 2730 613 2850 institis.
793 2732 840 2784 125
