2084 3075
328 144 472 198 LIBER
498 147 518 197 1.
547 99 599 199 5.Ι
779 150 828 203 173

37 249 159 301 Multa
171 225 300 316 prolutus
310 263 399 315 vappa
408 254 507 312 nauta,
518 254 602 316 atque
612 251 702 303 viator

41 320 214 370 Certatim.
234 321 359 371 Tandem
370 319 459 369 fessus
471 320 592 371 dormire
603 322 692 371 viator

39 389 181 453 lncipit3
199 403 231 439 ac
241 391 341 439 missae
351 394 459 452 pastum
468 387 625 439 retinacula
635 389 727 441 mulae

42 457 159 507 Nauta
171 459 250 523 piger
262 472 329 507 saxo
341 457 453 523 religat,
462 456 610 523 stertitque
621 460 743 523 supinus.

45 527 182 592 lamque
195 527 253 576 dies
265 527 374 586 aderat,
386 526 424 574 nil
436 541 519 592 quum
530 526 682 591 procedere
693 526 806 577 lintrem
838 543 870 577 20

48 594 223 646 Sentimus:
240 596 328 645 donec
339 594 621 660 cerebrosusprosilit
631 609 711 656 unus,

48 665 97 714 Ac
109 664 225 724 mulae,
238 671 393 728 nautaeque
405 669 487 727 caput
496 664 659 731 lumbosque
670 662 778 729 saligno
790 681 794 687 ·

49 732 154 783 Fuste
167 732 258 781 dolat:
275 736 375 797 quarta
384 734 428 780 vix
440 733 549 782 demum
560 734 722 799 exponimur
733 732 810 785 hora.

53 802 138 862 Ora,
150 815 306 865 manusque
318 806 366 849 tua
377 800 506 862 lavimus,
517 801 650 864 Feronia,
661 800 783 868 lympha.
943 849 955 865 ,

53 870 163 922 Millia
173 873 232 918 tum
244 871 337 934 pransi
349 871 402 919 tria
413 873 548 936 repimus,
558 876 640 938 atque
651 873 774 924 subimus
837 875 870 927 25

54 939 233 1004 Impositum
240 941 317 988 saxis
328 938 384 990 late
395 940 575 991 candentibus
585 942 687 991 Anxur.

56 1009 132 1059 Huc
143 1014 278 1058 venturus
290 1014 351 1059 erat
361 1010 508 1059 Maecenas
519 1011 651 1074 optimus,
661 1015 743 1077 atque

30 1071 36 1086 ⁴
61 1079 216 1140 Cocceius,
226 1079 303 1128 missi
315 1080 421 1144 magnis
434 1078 467 1129 de
478 1080 560 1130 rebus
571 1084 688 1145 uterque

59 1146 184 1213 Legati,
198 1162 310 1198 aversos
321 1148 395 1197 soliti
406 1162 574 1212 componere
583 1149 695 1197 amicos.

63 1216 125 1265 Hic
136 1217 224 1267 oculis
236 1232 287 1284 ego
297 1219 377 1283 nigra
387 1217 455 1266 meis
467 1217 586 1281 collyria
598 1215 688 1279 lippus
838 1213 870 1264 50

63 1284 190 1335 illinere,
209 1286 319 1337 lnterea
330 1288 478 1337 Maecenas
489 1285 613 1345 advenit,
625 1289 709 1350 atque

67 1353 216 1416 Cocceius,
228 1356 379 1420 Capitoque
390 1354 471 1403 simul
483 1354 629 1413 Fonteius,
640 1353 676 1403 ad
686 1366 806 1417 unguem

66 1421 173 1474 Factus
184 1422 279 1483 hom03
295 1425 404 1483 Antoni,
415 1438 470 1471 non
482 1429 513 1469 ut
523 1424 611 1486 magis
622 1421 704 1482 alter,
714 1422 828 1470 asnicus.

68 1490 184 1543 Fundos
194 1491 303 1541 Aufidio
313 1491 405 1541 Lusco
417 1495 545 1556 praetore
556 1489 675 1541 libenter

69 1561 248 1627 Linquimus,
259 1562 348 1611 insani
360 1560 482 1609 ridentes
493 1561 617 1625 praemia
628 1560 748 1622 scribae;
837 1555 869 1607 55

71 1629 259 1690 Praeteritum,
270 1629 390 1679 etlatum
398 1628 514 1690 clavum,
525 1642 685 1695 prunaeque
691 1629 826 1679 vatillum.

72 1700 104 1750 ln
113 1699 318 1748 Mamurrarum
329 1698 394 1747 lassi
406 1697 505 1762 deinde
515 1697 583 1748 urbe
594 1712 748 1762 manemus3

73 1769 189 1820 Murena
198 1768 348 1832 praebente
360 1767 484 1827 domum,
496 1767 629 1831 Capitone
640 1768 769 1818 culinam.

75 1837 186 1888 Postera
196 1837 244 1885 lux
256 1838 346 1886 oritur
356 1836 444 1885 multo
455 1837 627 1902 gratissima3
642 1850 761 1903 namque

76 1906 189 1967 Plotius,
201 1911 228 1957 et
238 1904 339 1956 Varius
349 1904 509 1966 Sinuessae,
519 1903 708 1970 virgiliusque
722 1936 725 1941 ι
835 1907 868 1956 4ο

78 1976 238 2027 Occurrunt:
254 1978 376 2037 animae,
387 1974 485 2041 quales
497 1989 586 2040 neque
598 1973 773 2025 candidiores

77 2046 161 2095 Terra
171 2044 247 2107 tulit3
264 2061 353 2112 neque
363 2049 425 2112 quis
436 2059 480 2094 me
491 2046 529 2093 sit
540 2043 693 2094 devinctior
704 2043 784 2094 alter.

78 2115 100 2166 0
113 2115 156 2180 qui
166 2114 334 2179 complexus,
346 2119 374 2165 et
383 2114 486 2181 gaudia
497 2118 601 2181 quanta
611 2111 737 2164 fuerunt!

77 2183 122 2236 Nil
131 2198 177 2249 ego
188 2184 352 2234 contulerim
365 2184 485 2234 iucundo
496 2198 581 2232 sanus
592 2185 690 2234 amico.

78 2253 198 2304 Proxima
210 2253 349 2318 Campano
360 2255 436 2318 ponti
449 2267 519 2319 quae
529 2251 639 2311 villula,
650 2256 754 2302 tectum
833 2251 866 2302 45

79 2322 213 2383 Praebuit3
225 2329 254 2373 et
262 2321 384 2387 parochi,
395 2319 662 2385 quaedebentligna,
673 2318 824 2383 salemque.

79 2392 147 2443 llinc
156 2390 218 2440 muli
231 2392 341 2457 Capuae
352 2391 471 2442 clitellas
482 2394 607 2454 tempore
617 2391 731 2453 ponunt.

80 2460 173 2512 Linum
184 2462 206 2509 it
215 2461 377 2521 Maecenas3
389 2460 539 2509 dormitum
549 2471 614 2524 ego,
624 2454 824 2521 virgiliusque:

80 2528 192 2592 Namque
203 2529 261 2594 pila
271 2529 352 2594 lippis
362 2529 519 2587 inimicum,
532 2530 560 2574 et
570 2526 667 2575 ludere
677 2523 779 2577 crudis.

82 2598 149 2648 ilino
157 2612 203 2647 nos
214 2599 313 2649 Coccei
323 2599 424 2662 recipit
434 2595 595 2661 plenissima
605 2592 680 2653 villa,
835 2592 867 2641 50

84 2667 154 2729 Quae
163 2681 242 2733 super
252 2673 295 2717 est
305 2667 392 2717 Caudi
403 2677 551 2728 cauponas.
563 2661 642 2712 Nunc
652 2660 718 2711 milii
729 2659 825 2726 paucis
