2084 3075
258 192 310 249 150
526 192 745 245 EPODON

291 298 441 366 Postquam
452 296 558 348 relictis
567 296 711 347 moenibus
720 310 770 347 rex
779 297 919 363 procidit,

291 367 368 419 Heu!
383 367 535 434 pervicacis
546 365 582 415 ud
591 365 676 430 pedes
686 363 811 417 Achillei.

215 439 246 491 15
290 435 390 488 Setosa
399 437 476 487 duris
488 450 591 486 exuere
601 434 720 499 pellibus

289 505 437 558 Laboriosi
448 505 566 570 remiges
577 504 696 569 Ulyssei,
981 542 985 549 .

289 574 408 629 Volente
419 575 511 635 Circa,
522 574 658 623 membra:
671 576 739 623 tunc
750 587 841 636 mens,
851 579 882 625 et
893 590 985 627 sonus

291 645 440 712 Relapsns,
453 648 537 709 atque
547 647 629 691 notus
637 643 666 691 in
676 641 768 692 vultus
780 639 880 694 honor.

291 713 365 765 Dedi
376 716 458 775 satis,
468 726 606 778 superque
616 725 769 776 poenarum
778 712 840 773 tibi,

213 805 247 840 20
290 784 389 833 Amata
400 783 492 833 nautis
503 781 634 841 multum,
645 784 674 830 et
684 778 869 831 institoribus.

291 850 376 918 Fugit
384 853 526 911 iuventas,
537 854 566 900 et
574 848 746 899 verecundus
758 848 835 901 color

290 919 414 987 Reliquit
425 935 489 970 ossa
500 918 574 984 pelle
585 918 686 968 amicta
696 917 803 982 lorida3

293 990 363 1039 Tuis
374 988 493 1055 capillus
505 989 585 1039 albus
596 991 638 1038 est
649 986 790 1037 odoribus.

293 1056 408 1108 Nullum
420 1059 455 1108 ab
464 1057 561 1107 labore
572 1072 615 1107 nre
624 1055 742 1107 reclinat
752 1057 853 1108 otium:

213 1127 248 1181 25
292 1128 380 1193 Urget
390 1126 463 1176 diem
474 1139 543 1186 nox,
555 1129 583 1175 et
594 1125 652 1175 dics
663 1130 786 1198 noctern3
802 1142 894 1193 neque
907 1134 953 1180 est

293 1193 401 1247 chare
411 1199 490 1246 tenta
500 1195 600 1259 spiritu
611 1194 783 1259 praecordia.

295 1267 370 1334 Ergo
382 1269 512 1333 negatum
522 1266 619 1313 vincor
630 1268 661 1312 ut
669 1262 782 1313 credam
792 1266 888 1329 miser,

296 1334 409 1388 Sabella
419 1338 514 1401 peetus
524 1334 670 1397 increpare
681 1333 812 1396 carmina,

297 1406 439 1476 Caputque
449 1402 546 1453 Marsa
555 1401 676 1453 dissilire
688 1403 778 1453 nenia

216 1479 250 1530 50
296 1474 370 1536 Quid
380 1473 497 1541 amplius
506 1468 565 1521 visi
580 1469 704 1522 Omarol
720 1470 837 1522 eterral
854 1474 950 1539 ardeo,

295 1546 437 1604 Quantum
448 1559 537 1609 neque
548 1546 609 1599 atro
621 1540 760 1592 delibutus
771 1540 911 1595 Hercules

292 1611 374 1661 Nessi
386 1627 498 1673 cruorc3
514 1627 564 1662 nec
575 1610 675 1662 Sicana
686 1609 794 1662 fervida

294 1678 402 1728 Furens
413 1680 441 1728 in
451 1679 540 1729 Aetna
551 1679 670 1730 llamma.
691 1680 748 1742 Tu,
759 1679 848 1732 donee
855 1682 929 1734 ciuis

292 1746 439 1796 Iniuriosis
452 1749 547 1798 aridus
558 1750 647 1798 vestis
658 1747 742 1811 fer-nr,
799 1768 805 1773 ·

215 1813 249 1868 55
294 1814 375 1865 Cales
385 1818 499 1866 venenis
511 1816 621 1867 officina
631 1816 778 1869 Colchicis.

293 1885 371 1945 Quae
382 1884 462 1935 linisl
476 1892 526 1935 aut
534 1886 609 1951 quod
620 1901 664 1936 me
675 1891 769 1938 manet
777 1887 964 1953 stipendiumi
1029 1906 1030 1977 p

293 1952 399 2005 Effare:
414 1957 504 2006 iussas
514 1971 576 2005 cum
588 1954 643 2006 tide
655 1970 758 2021 poenas
768 1956 859 2020 luam3
1029 1982 1030 2017 l

293 2020 412 2073 Paratus
423 2025 548 2089 expiare,
559 2039 608 2073 seu
619 2027 778 2090 poposceris
1029 2022 1030 2035 ³

295 2092 413 2142 Centum
424 2094 632 2152 iuvencos‚sive
644 2093 769 2145 urendaei
779 2094 843 2160 lyra
1029 2140 1030 2143 ,

216 2164 250 2216 4ο
293 2159 378 2211 Voles
388 2162 537 2210 sonarittu
548 2161 703 2224 pudica,tu
714 2164 800 2229 proba
1029 2160 1030 2231 l

293 2228 504 2281 Perambulabis
515 2237 591 2279 astra
601 2231 679 2281 sidus
689 2246 814 2285 aureum.
1029 2238 1030 2245 ’

294 2298 409 2350 lnfamis
419 2298 545 2350 Helenae
556 2299 654 2350 Castor
665 2298 787 2352 offensus
798 2303 867 2366 rice,

295 2368 450 2435 Fraterquc
461 2370 552 2434 magni
564 2369 699 2430 Castoris,
709 2371 775 2435 victi
786 2385 879 2437 prece,

294 2437 431 2502 Aslampta
440 2439 497 2486 vati
508 2437 655 2487 reddidere
666 2437 783 2489 luminas

217 2506 252 2561 45
295 2503 332 2552 Et
341 2509 386 2567 tu,
397 2510 475 2571 potes
487 2520 565 2565 narn,
575 2503 651 2555 solve
662 2521 705 2556 me
716 2507 865 2558 dementia.

296 2570 320 2617 0
332 2587 382 2622 nec
392 2575 515 2636 paternis
525 2572 652 2622 obsoleta
661 2575 806 2639 sordibus3

295 2635 353 2686 Nec
363 2639 391 2685 in
401 2641 535 2704 sepulcris
546 2654 698 2704 pauperum
708 2644 830 2705 prudens
840 2659 912 2699 unus

296 2702 479 2758 Norendiales
490 2707 624 2772 dissipare
634 2708 776 2772 pulveresl
