2084 3075
452 186 457 201 ,
484 138 740 220 cenninus

466 259 753 364 annun

271 419 328 468 AD
353 417 393 466 M.
422 415 680 463 VIPSANIUM
703 413 941 464 naaman.

236 577 337 626 Varius
352 574 623 644 tragoediographus
634 572 707 622 bella
717 572 752 623 ab
762 574 891 644 Agrippa
899 586 979 643 gesta

232 641 406 693 decantabit:
434 641 570 691 Horatius
594 659 657 689 vero
678 642 808 691 conviviis
828 648 935 690 tantum
954 652 980 691 ci

307 704 444 757 amoribus
457 706 642 756 describendis
653 719 739 776 aptus
749 719 776 756 et
786 708 907 755 idoneus.

497 840 598 877 nETn.
617 840 718 879 xvm.

265 894 411 978 Scriberis
421 924 506 977 Vario
517 924 605 988 fortis,
618 933 646 978 et
655 927 775 977 hostium

263 994 367 1056 Victor,
378 996 500 1045 Maeonii
511 998 640 1046 carminis
650 996 718 1055 aliti,

263 1062 352 1123 Quam
363 1079 422 1113 rem
433 1079 549 1130 cunique
560 1065 638 1116 ferox
649 1064 773 1125 navibus,
784 1066 832 1113 aut
841 1064 919 1129 equis

297 1131 390 1193 Miles,
400 1135 428 1181 te
439 1132 517 1194 duce,
526 1135 652 1199 gesserit.

203 1239 218 1290 5
261 1233 328 1295 Nos,
339 1235 468 1300 Agrippa,
479 1214 568 1302 ne⁸que
579 1235 647 1287 haec
659 1238 759 1295 dicere,
770 1251 821 1286 nee
830 1249 941 1302 gravem

262 1301 375 1353 Pelidae
385 1304 557 1355 stomachum
569 1306 667 1354 cedere
677 1305 771 1362 nescii,

262 1369 320 1422 Nee
330 1378 426 1421 cursus
438 1373 555 1439 duplicis
567 1387 615 1434 per
626 1384 703 1419 mare
714 1369 831 1435 Ulyssei,

299 1438 356 1490 Nec
366 1456 475 1492 saevam
485 1440 595 1502 Pelopis
606 1438 726 1500 domum,

263 1544 409 1607 Conamur,
418 1550 514 1595 tenues
524 1541 653 1607 grandia:
668 1542 733 1592 dum
744 1544 843 1608 pudor,

187 1632 219 1667 10
262 1613 438 1679 imbellisque
450 1612 529 1675 lyrae
540 1611 622 1661 Musa
632 1606 730 1677 petens
740 1615 817 1662 vetat

262 1680 374 1746 Laudes
384 1680 489 1745 egregii
501 1677 627 1729 Caesaris
638 1685 667 1730 et
677 1685 740 1730 tuas

299 1750 385 1815 Culpa
396 1749 520 1797 deterere
530 1749 633 1811 ingeni.
797 1754 798 1757 ’

263 1851 331 1911 Quis
341 1851 460 1900 Martem
471 1849 566 1897 tunica
577 1852 682 1898 tectum
693 1850 871 1902 adamantina

262 1919 353 1986 Digne
364 1913 522 1979 scripserit?
539 1921 588 1964 aut
597 1917 709 1982 pulvere
720 1921 806 1971 Troio

108 1985 112 1989 ’
189 1988 218 2039 15
262 1988 376 2052 Nigrum
387 1982 550 2033 Merionen?
566 1990 614 2034 aut
624 2001 675 2052 ope
684 1986 808 2039 Palladis

297 2052 425 2117 Tydiden
435 2051 548 2117 Superis
558 2054 671 2119 parenni

262 2154 319 2206 Nus
329 2155 459 2217 convivia,
471 2170 520 2205 nos
531 2158 638 2222 proelia
648 2160 793 2225 virginum,

262 2222 350 2273 Sectis
359 2225 388 2272 in
396 2224 508 2276 iuvenes
518 2228 655 2293 unguibus
667 2229 780 2289 aerium,

263 2291 425 2358 Cantemus3
439 2296 527 2356 vacui,
538 2297 595 2346 sive
604 2296 671 2361 quid
681 2298 797 2359 urimur,

185 2380 217 2413 20
297 2357 358 2412 Non
367 2367 477 2429 praeter
487 2365 602 2415 solitum
611 2363 693 2414 leves.
