2084 3075
295 166 445 220 LIBER
471 169 492 221 1.
739 168 772 220 lc

148 288 151 294 ’
249 307 544 381 corrui.

162 433 247 479 an
303 418 625 483 nuscum-

11 583 191 636 Palinodiam
210 585 296 634 canit.
328 586 401 634 Nam
421 586 531 634 veniam
545 584 620 652 petit
635 599 654 631 a
663 581 769 650 puello,

12 669 96 722 quam
116 650 215 701 iambis
233 649 372 709 laeserat,·
404 651 565 720 culpamque
585 650 722 719 transfert
741 651 771 699 in

114 721 197 781 iram,
208 719 286 768 cuius
296 718 352 767 vim
362 719 523 767 indomitam
533 715 671 767 describit.

300 851 400 889 METR.
419 852 489 888 XVI,

68 902 109 990 0
120 945 209 991 matre
218 937 336 1006 pulchra
346 939 404 990 lilia
413 938 567 1007 pulchrior,

66 1011 159 1072 Quem
170 1010 324 1060 criminosis
336 1025 453 1076 cumque
464 1010 541 1061 voles
552 1008 664 1060 modum

102 1079 195 1129 Pones
204 1080 316 1142 iambis3
332 1081 388 1129 sive
401 1078 522 1142 flamma,

139 1145 201 1198 Sive
212 1150 281 1198 mari
293 1149 361 1200 libet
371 1149 525 1200 Hadriano.

63 1251 131 1307 Non
141 1250 326 1318 Dindymene,
338 1269 393 1304 non
405 1253 498 1319 adytis
509 1253 601 1319 quatit
784 1246 818 1298 5,

63 1321 192 1376 Mentem
204 1323 380 1373 sacerdotum
391 1323 483 1373 incola
492 1320 621 1387 Pythius,

101 1388 164 1441 Non
174 1389 258 1441 Liber
270 1407 368 1456 aeque,
378 1407 433 1441 nun
444 1395 527 1441 acuta

138 1456 168 1509 Si
178 1460 322 1526 geminant
331 1460 505 1521 Corybantes
516 1472 592 1519 aera,
630 1465 632 1468 ’

63 1563 178 1616 Tristes
189 1566 222 1610 ut
231 1562 304 1624 irae3
321 1574 390 1626 quus
401 1573 491 1626 neque
502 1557 621 1609 Noricus
715 1568 723 1573 ·

64 1633 205 1684 Deterret
216 1629 298 1689 ensis,
309 1643 362 1679 nec
373 1643 448 1678 mare
459 1626 636 1695 naufragum,
787 1644 818 1678 ιο

103 1700 165 1752 Nec
172 1713 273 1749 saevus
283 1699 364 1765 ignis,
376 1713 427 1748 nec
438 1698 583 1748 tremendo

138 1769 245 1834 Iupiter
255 1769 315 1834 ipse
326 1782 411 1818 ruens
422 1767 553 1818 tumultu.

66 1872 173 1925 Fertur
183 1871 367 1924 Prometheus
378 1873 482 1933 addere
492 1873 611 1936 principi
663 1900 666 1904 -

66 1942 153 1994 Limo
164 1938 277 1993 coactus
287 1941 454 2007 particulam
465 1939 588 2006 undique

106 2010 265 2073 Desectam,
274 2016 303 2062 et
313 2012 403 2061 insani
413 2011 503 2062 leonis
774 2009 819 2062 ‘15

160 2078 223 2130 Vim
233 2080 375 2131 stomacho
385 2082 546 2146 apposuisse
557 2084 662 2130 nostro.

68 2185 135 2237 Irae
145 2181 289 2250 Thyesten
299 2185 386 2234 exitio
396 2186 473 2250 gravi

70 2251 217 2315 Stravere3
233 2259 262 2304 et
273 2252 339 2303 altis
348 2252 462 2303 urbibus
473 2253 589 2304 ultimae

109 2319 219 2373 Stetere
231 2337 355 2384 caussae,
367 2338 416 2372 cur
425 2324 550 2387 perirent

145 2389 291 2454 Funditus,
301 2392 528 2458 imprimeretque
539 2393 626 2442 muris
787 2405 820 2438 20

71 2493 187 2546 Hostile
197 2489 320 2546 aratrum
333 2497 472 2546 exercitus
483 2495 614 2546 insolens.

71 2564 223 2630 Compesce
234 2569 363 2616 mentem.
386 2564 433 2615 Me
444 2580 554 2632 quoque
565 2564 686 2629 pectoris

108 2634 241 2685 Tentavit
251 2636 280 2685 in
291 2634 365 2685 dulci
377 2636 489 2686 iuventa

144 2703 168 2755 F
169 2718 259 2767 error,
270 2705 337 2756 etin
348 2704 454 2756 celeres
463 2704 601 2821 iambpp2
