2084 3075
360 242 516 278 ..v-

55 339 116 389 ctos
130 332 264 403 quosdam
279 331 385 383 nullam
400 331 444 381 sui
457 329 627 381 mentionem
641 327 764 380 habitam
773 325 814 380 itb

53 425 229 489 sitquestus:
248 419 355 473 Irasci
369 429 417 469 me
434 417 500 469 tibi
515 416 727 483 scito,¹quod
748 431 813 466 non

53 512 87 559 in
117 506 293 572 plerisque
323 502 660 567 eiusmodiscriptis
685 489 813 553 mecum

52 593 266 661 potissimum
298 589 464 656 loquaris.
505 589 552 638 An
586 590 733 649 cereris,
767 593 811 639 ne

53 678 141 746 apud
158 681 332 744 posteros
342 672 468 725 infame
491 674 556 724 tibi
574 671 645 736 sit¹·,'
658 670 747 740 'q'uod
766 671 810 723 vi-

53 765 170 816 dearis
189 758 590 813 familiarisnobisesscl
609 759 808 836 Expressitquc

52 850 192 915 eclogam,
203 850 282 899 cuius
290 848 401 897 initium
413 847 475 897 θεῖτ’

56 927 161 985 ·-θιιήι
165 942 207 983 rot
215 934 359 983 sustineas
369 942 397 983 et
402 940 489 982 tanta
498 930 615 1002 negotzn
623 921 708 995 solus,

83 1021 143 1069 Res
152 1016 245 1067 Italas
255 1020 339 1068 armis
350 1017 463 1079 tuteris,
474 1016 594 1067 moribus
605 1017 714 1078 omes,·‘
742 1043 743 1048 =
791 1061 793 1072 ,

83 1099 209 1171 Legibus
219 1102 351 1164 emendes,
361 1102 391 1151 in
396 1100 513 1171 publica
523 1101 665 1151 commoda
669 1116 791 1169 peccem,

84 1175 118 1236 Si
126 1185 211 1256 longo
223 1203 344 1235 sermone
354 1203 442 1237 morer
452 1194 502 1235 tua
513 1195 650 1254 tempora,
663 1187 774 1235 Caesar.

119 1286 228 1338 Habitu
239 1289 364 1353 corporis
372 1287 465 1362 brevis
476 1285 531 1356 fuit
536 1293 620 1354 atque
626 1287 735 1347 obesus,
741 1300 807 1353 qua·

45 1373 82 1425 lis
93 1376 124 1426 et
134 1387 152 1423 a
161 1378 249 1424 semet
259 1373 319 1438 ipso
330 1374 359 1424 in
369 1375 463 1425 satiris
476 1374 657 1435 describitur,
669 1376 698 1423 et
708 1372 742 1422 ab
753 1373 807 1423 llu-

44 1464 131 1528 gusto
147 1456 201 1507 hac
217 1455 348 1524 epistola:
373 1456 528 1508 Pertulit
550 1458 660 1507 adme
680 1458 807 1523 Diony·

43 1549 118 1597 sius
139 1542 299 1594 libellum
318 1547 425 1605 tuum,
445 1557 540 1607 quem
561 1555 636 1608 ege,
655 1557 694 1592 ne
715 1556 808 1593 accu-

43 1647 115 1684 sem
137 1631 360 1689 brevitatem,
390 1627 721 1695 quantuluscumque
746 1637 809 1692 est,

44 1718 128 1770 boni
152 1714 303 1768 consulo.
332 1713 454 1767 Vereri
478 1719 591 1766 autem
614 1713 696 1766 mihi
720 1716 808 1768 vide-

43 1806 109 1867 ris,
139 1817 179 1854 ne
209 1802 356 1854 maiores
383 1800 499 1856 libelli
522 1802 574 1852 tui
598 1802 681 1866 sint,
710 1817 808 1870 quam

42 1896 82 1940 tu
112 1891 188 1955 ipse
218 1903 261 1939 es.
301 1886 365 1940 Sed
393 1890 422 1940 si
449 1888 514 1938 tibi
537 1890 673 1937 statura
698 1888 809 1952 deest,

44 1973 290 2040 corpusculum
313 1990 378 2025 non
401 1972 507 2024 deest.
541 1973 661 2038 ltaque
680 1974 810 2026 licebit

43 2061 81 2111 in
101 2058 296 2111 sextariolo
316 2063 462 2125 scribas,
480 2062 513 2112 ut
532 2060 701 2112 circuitus
716 2061 807 2110 volu-

43 2146 150 2197 minis
175 2147 226 2194 tui
245 2147 291 2195 sit
311 2141 517 2212 ὀγκωδέστατος,
543 2149 635 2199 sicut
658 2150 712 2198 est
733 2161 806 2199 ven·

41 2231 171 2285 triculi
189 2231 249 2281 tui.
713 2228 715 2230 ’

116 2317 196 2370 Vixit
215 2317 366 2383 plurimum
383 2319 412 2371 in
432 2336 544 2373 secessu
563 2323 637 2372 ruris
651 2320 696 2371 sui
711 2320 809 2373 Sabini

42 2409 98 2457 aut
107 2403 259 2467 Tiburtini,
271 2405 425 2473 domusque
436 2407 496 2458 eius
507 2407 665 2459 ostenditur
676 2411 751 2460 circa
761 2410 808 2459 Ti-

38 2491 129 2542 burni
140 2488 288 2542 Luculum.
307 2489 451 2543 Venerunt
461 2494 490 2542 in
500 2508 603 2544 manus
610 2510 687 2546 meas
698 2500 727 2546 et
737 2494 811 2562 elegi

7 2598 9 2625 l
40 2577 99 2628 sub
114 2576 176 2627 eius
190 2576 287 2639 titulo,
302 2581 332 2629 et
345 2578 465 2644 epistola
479 2594 564 2645 prosa
574 2582 715 2643 oratione,
730 2581 811 2647 qussi

39 2661 270 2715 commendantis
290 2679 321 2716 se
335 2665 501 2717 Maecenati.
533 2664 588 2717 Sed
603 2672 722 2733 utraque
740 2665 813 2716 falsa

7 2782 9 2845 k
36 2754 125 2821 puto.
150 2749 223 2803 Nam
234 2750 306 2820 elegi
316 2751 457 2821 vulgares,
469 2752 590 2819 epistola
601 2753 733 2814 obscura,
756 2763 812 2816 quo
