2084 3075
292 197 443 254 LIBER
468 200 508 252 11.
537 201 562 252 8.
616 194 618 198 ’
756 207 806 262 221

45 301 240 355 Nomentanus
250 301 286 355 ad
296 300 433 372 hoo,qui,
444 302 546 371 siquid
557 301 631 355 forte
641 303 753 367 lateret,
817 306 851 357 25

46 372 143 424 lndioe
153 377 324 425 monstraret
333 373 433 441 digito:
448 387 513 422 nam
523 377 618 423 cetera
628 375 719 436 turba,

46 441 120 504 Nos,
129 443 257 510 inquam,
268 456 398 494 cenamus
411 456 488 503 aves,
500 439 661 508 conchylia,
671 445 769 508 pisces,

48 510 148 578 Longe
160 511 319 563 dissimilem
331 516 399 562 noto
411 511 532 562 celantia
542 524 668 561 succum:

47 580 86 630 Ut
96 580 141 631 rel
150 582 282 631 continuo
293 582 397 646 patuit,
409 594 492 646 quum
502 581 638 645 passeris,
649 582 733 646 atque

47 649 196 716 lngustata
206 648 273 699 mibi
284 653 449 714 porrexerat
458 648 507 697 ilia
517 647 636 699 rbombl.
821 649 854 698 50

47 716 118 769 Post
127 717 180 769 hoc
191 734 235 769 me
247 717 353 779 docuit,
364 717 505 768 melimela
514 717 630 780 rubere,
640 710 776 770 minorem
835 716 838 721 ’

46 786 90 837 Ad
101 786 212 837 Lunam
224 784 344 836 delecta:
359 787 425 854 quid
436 784 487 837 boc
497 787 621 848 intersit,
632 788 666 839 ab
676 789 736 854 ipso

47 856 182 907 Audieris
193 853 301 919 melius.
322 856 393 906 Tum
405 854 531 906 Vibidius
542 855 701 908 Balatroni:

47 924 123 985 Nos,
134 924 188 973 nisi
199 924 330 977 damnose
341 924 474 987 bibimus,
486 927 637 976 moriemur
646 925 743 990 inulti3

47 995 87 1046 Et
98 992 201 1044 calices
209 994 299 1059 poscit
310 997 441 1045 maiores:
453 1001 564 1046 uertere
577 995 667 1060 pallor
821 990 855 1044 55

48 1065 125 1114 Tum
138 1060 252 1128 parochi
264 1062 377 1126 laciem3
393 1063 432 1114 nil
443 1065 484 1115 sio
495 1066 657 1126 metuentis,
666 1070 699 1116 ut
709 1080 787 1118 aeres
866 1086 869 1093 ’

47 1131 184 1184 Potores:
197 1131 255 1195 vel,
267 1133 340 1200 quod
350 1132 520 1184 maledicunt
530 1133 659 1196 liberius3
672 1135 725 1197 vel,

47 1201 172 1253 Fervida
182 1201 256 1269 quod
266 1202 368 1253 subtile
380 1202 533 1252 exsurdant
541 1205 605 1250 vina
615 1202 748 1268 palatum.

46 1272 196 1323 Invertunt
205 1270 334 1321 Allifanis
344 1273 453 1321 vinaria
463 1275 525 1321 tota

46 1339 192 1402 Vibidius,
203 1340 388 1408 Balatroque,
399 1342 526 1407 sequutis
537 1340 676 1390 omnibus:
692 1340 741 1389 imi
820 1334 855 1386 40

48 1410 189 1460 Convivae
201 1409 266 1460 laeti
276 1410 394 1460 nibilum
404 1422 527 1462 nocuere
539 1409 655 1475 lagenis.

46 1477 173 1530 Affertur
183 1479 299 1547 squillas
310 1480 382 1529 inter
392 1492 508 1528 murena
517 1483 648 1527 natantes
678 1504 682 1511 ·

30 1549 79 1603 «ln
95 1549 192 1616 patina
201 1553 340 1614 porrecta.
362 1546 418 1598 Sub
429 1546 482 1597 bon
492 1546 591 1608 herus,
607 1545 677 1597 baec
686 1546 811 1614 gravida,

465 1616 567 1683 inquit,

47 1689 138 1754 Capta
149 1692 205 1748 est3
219 1686 342 1737 deterior
352 1690 416 1753 post
425 1690 536 1751 partum
547 1700 631 1737 earne
641 1685 745 1738 futura.
838 1707 848 1730 κ

46 1758 103 1809 llis
114 1757 231 1806 mixtum
242 1756 285 1804 ius
297 1760 351 1806 est:
367 1754 444 1815 oleo,
454 1755 529 1822 quod
538 1758 630 1821 prima
639 1755 755 1808 Venafri
817 1753 851 1810 45

46 1825 157 1878 Pressit
166 1824 249 1888 cella3
263 1838 332 1891 garo
344 1824 378 1873 de
388 1825 571 1889 suocispiscis
580 1825 692 1888 Hiberi3

45 1893 121 1946 Vino
133 1895 315 1963 quinquenni,
326 1907 421 1943 verum
432 1895 504 1942 citra
513 1907 591 1943 mare
600 1897 677 1953 nato,

46 1963 125 2014 Dum
136 1965 278 2031 coquitur3
293 1966 385 2024 (cocto
396 1959 495 2010 Chium
506 1961 548 2009 sic
558 1961 700 2021 convenit,
710 1964 742 2010 ut
752 1976 808 2012 non

48 2033 114 2085 lloe
123 2035 211 2100 magis
222 2033 309 2083 ullum
318 2029 404 2093 aliud)
415 2030 511 2096 pipere
516 2028 589 2090 albo,
594 2043 648 2079 nou
654 2030 715 2080 sine
720 2035 809 2093 aceto,

20 2154 23 2160 ,
49 2102 134 2165 Quod
144 2101 368 2168 Methymnaeam
379 2100 447 2150 vitio
458 2101 608 2149 mutaverit
617 2111 706 2148 uvam.
819 2098 852 2150 5ο

20 2189 22 2192 ’
49 2171 157 2223 Eruoas
167 2172 282 2232 virides,
293 2170 384 2221 inulas
394 2183 446 2236 ego
457 2170 562 2235 primus
572 2181 683 2219 amaras

50 2239 207 2291 Monstravl
217 2243 379 2308 incoquere3
395 2238 491 2288 illutos
501 2238 637 2288 Curtillus
649 2236 771 2299 echinos,

50 2309 88 2360 Ut
98 2310 211 2372 melius,
223 2312 327 2370 muria,
337 2323 420 2374 quam
430 2311 506 2367 testa
515 2309 624 2357 marina
633 2307 761 2357 remittit.

50 2376 307 2446 lntereasuspensa
315 2391 413 2445 graves
423 2373 523 2428 aulaea
532 2377 627 2425 ruinas
839 2429 840 2432 Ἴ

50 2446 82 2497 ln
93 2450 216 2514 patinam
228 2444 485 2509 fecere,tralientia
494 2445 616 2511 pulveris
627 2446 691 2505 atri,
745 2487 758 2508 ,
821 2441 853 2495 55
917 2444 921 2449 “

53 2515 194 2576 Quantum
203 2531 259 2568 non
269 2515 369 2584 Aquilo
380 2515 528 2580 Campanis
538 2516 643 2565 excitat
653 2515 736 2580 agris.

52 2584 111 2637 Nos
125 2588 215 2637 maius
223 2588 319 2646 veriti,
329 2589 477 2652 postquam
488 2582 559 2633 nibil
569 2598 630 2634 esse
639 2582 738 2649 pericli

55 2652 210 2719 Sensimus,
222 2656 368 2722 erigimur:
381 2651 485 2716 Rufus,
494 2654 587 2719 posito
598 2654 701 2718 eapite,
712 2656 745 2701 ut
754 2652 778 2701 si

54 2723 143 2777 Filius
152 2725 319 2776 immaturus
330 2724 447 2785 obisset,
458 2721 535 2775 llere.
555 2722 624 2785 Quis
634 2726 708 2774 esset
