2084 3075
219 155 269 210 ru
465 122 736 206 *uronou'

374 331 376 335 ·
446 305 599 377 ODE
642 305 745 379 VII.

306 440 365 488 AD
390 437 620 487 POPULUM
642 437 893 488 ROMANUM.

376 599 534 650 Detestatie
546 596 679 648 bellorum
688 595 819 648 civilium.

505 731 605 771 ΜΕΝ.
624 732 684 770 xll.

257 787 345 890 Quo,
356 833 424 887 quo,
433 818 560 882 seelesti‚
570 817 669 870 ruitist
682 823 732 868 aut
740 833 790 869 eur
801 814 935 872 dexteris

288 891 425 954 Aptantur
435 903 514 939 enses
526 887 647 940 conditi?

254 956 392 1008 Parumne
403 960 520 1021 campis,
532 959 615 1023 atque
626 956 755 1024 Neptuno
765 970 851 1021 super

289 1025 392 1075 Fusum
405 1031 448 1076 est
457 1025 552 1074 Latini
564 1024 724 1091 sanguinisi

194 1094 210 1145 5
253 1094 327 1156 Non,
338 1100 369 1143 ut
379 1094 511 1157 superbas
522 1094 632 1145 invidae
644 1092 820 1159 Carthaginis

288 1163 428 1214 Romanus
438 1176 517 1212 arces
527 1167 636 1226 ureret3

254 1234 379 1286 intactus
389 1236 439 1281 aut
448 1231 601 1281 Britannus
611 1236 644 1282 ut
654 1231 839 1284 descenderet

290 1301 377 1354 Sacra
388 1303 534 1351 catenatus
542 1293 607 1350 Via:

256 1368 863 1433 Seuut,seeundumvotaParthorum,sua

182 1460 212 1492 10
289 1442 360 1493 Urbs
370 1438 439 1490 haee
449 1440 555 1504 periret
565 1438 689 1490 dextera

254 1511 351 1578 Neque
361 1508 407 1562 hic
417 1508 490 1575 lupis
501 1524 575 1572 mes,
585 1525 637 1561 nec
649 1508 703 1560 fuit
712 1509 841 1562 leonibus

289 1581 425 1644 Umquam
436 1581 489 1629 nisi
500 1582 529 1629 in
541 1579 647 1645 dispar,
659 1579 736 1630 feris.

256 1646 383 1695 Furerne
393 1661 506 1710 caecus,
517 1663 553 1698 an
563 1650 637 1715 rapit
646 1651 688 1699 vis
697 1647 806 1700 aerior?

290 1714 330 1763 An
341 1713 439 1778 culpat
454 1732 618 1782 responsum
628 1718 702 1768 date.

182 1782 213 1837 15
256 1782 375 1832 Tacent:
390 1788 420 1832 et
430 1784 509 1835 albus
519 1801 570 1836 era
580 1787 671 1852 pallor
682 1788 779 1848 inficit,

290 1852 455 1920 Mentesque
466 1854 611 1919 perculsae
622 1860 743 1922 stupent.

256 1920 302 1973 Sic
313 1927 368 1974 ests
384 1924 485 1974 acerba
495 1922 556 1975 fate
565 1925 704 1976 Romanos
715 1930 811 1992 afflat,

291 1988 442 2059 Scelusque
453 1992 595 2044 fraternae
606 1997 695 2058 necis3

256 2059 293 2110 Ut
301 2061 474 2113 immerentis
483 2060 565 2111 fluxit
574 2064 603 2111 in
613 2069 719 2117 terram
727 2063 807 2118 Remi

180 2144 214 2177 20
291 2127 377 2182 Sacer
387 2130 534 2202 nepotibus
547 2147 638 2201 eruor.
