<?xml version="1.0" encoding="UTF-8"?>
<!DOCTYPE html PUBLIC "-//W3C//DTD XHTML 1.0 Transitional//EN"
    "http://www.w3.org/TR/xhtml1/DTD/xhtml1-transitional.dtd">
<html xmlns="http://www.w3.org/1999/xhtml" xml:lang="en" lang="en">
 <head>
  <title>
</title>
<meta http-equiv="Content-Type" content="text/html;charset=utf-8" />
  <meta name='ocr-system' content='tesseract 3.04.00' />
  <meta name='ocr-capabilities' content='ocr_page ocr_carea ocr_par ocr_line ocrx_word'/>
</head>
<body>
  <div class='ocr_page' id='page_1' title='image "./opera05horagoog_0166.png"; bbox 0 0 2084 3075; ppageno 0'>
   <div class='ocr_carea' id='block_1_1' title="bbox 254 146 742 201">
    <p class='ocr_par' dir='ltr' id='par_1_1' title="bbox 254 146 742 201">
     <span class='ocr_line' id='line_1_1' title="bbox 254 146 742 201; baseline 0 -1"><span class='ocrx_word' id='word_1_1' title='bbox 254 146 304 201; x_wconf 80' lang='lat'><strong>140</strong></span> <span class='ocrx_word' id='word_1_2' title='bbox 520 147 742 200; x_wconf 83' lang='lat' dir='ltr'><strong>EPODON</strong></span> 
     </span>
    </p>
   </div>
   <div class='ocr_carea' id='block_1_2' title="bbox 215 251 1000 526">
    <p class='ocr_par' dir='ltr' id='par_1_2' title="bbox 215 251 1000 526">
     <span class='ocr_line' id='line_1_2' title="bbox 288 251 1000 325; baseline 0.008 -23"><span class='ocrx_word' id='word_1_3' title='bbox 288 251 383 302; x_wconf 79' lang='lat' dir='ltr'><strong>Urerie</strong></span> <span class='ocrx_word' id='word_1_4' title='bbox 392 251 452 317; x_wconf 82' lang='lat' dir='ltr'><strong>ipse</strong></span> <span class='ocrx_word' id='word_1_5' title='bbox 461 253 554 302; x_wconf 78' lang='lat' dir='ltr'><strong>miser.</strong></span> <span class='ocrx_word' id='word_1_6' title='bbox 575 252 657 314; x_wconf 77' lang='lat' dir='ltr'><strong>Quod</strong></span> <span class='ocrx_word' id='word_1_7' title='bbox 667 253 692 302; x_wconf 81' lang='lat' dir='ltr'><strong>ri</strong></span> <span class='ocrx_word' id='word_1_8' title='bbox 701 266 757 302; x_wconf 86' lang='lat' dir='ltr'><strong>non</strong></span> <span class='ocrx_word' id='word_1_9' title='bbox 765 252 924 318; x_wconf 85' lang='lat' dir='ltr'>pulchrior</span> <span class='ocrx_word' id='word_1_10' title='bbox 934 259 1000 325; x_wconf 81' lang='lat' dir='ltr'>iguis</span> 
     </span>
     <span class='ocr_line' id='line_1_3' title="bbox 322 320 697 383; baseline 0.003 -13"><span class='ocrx_word' id='word_1_11' title='bbox 322 320 457 382; x_wconf 81' lang='lat' dir='ltr'><strong>Accendit</strong></span> <span class='ocrx_word' id='word_1_12' title='bbox 466 322 607 372; x_wconf 77' lang='lat' dir='ltr'><strong>obsessam</strong></span> <span class='ocrx_word' id='word_1_13' title='bbox 616 321 697 383; x_wconf 83' lang='lat' dir='ltr'>Iliun,</span> 
     </span>
     <span class='ocr_line' id='line_1_4' title="bbox 215 388 945 462; baseline 0.011 -22"><span class='ocrx_word' id='word_1_14' title='bbox 215 396 246 450; x_wconf 81' lang='lat'><strong>15</strong></span> <span class='ocrx_word' id='word_1_15' title='bbox 291 388 390 441; x_wconf 78' lang='lat' dir='ltr'><strong>Gaude</strong></span> <span class='ocrx_word' id='word_1_16' title='bbox 400 395 477 440; x_wconf 83' lang='lat' dir='ltr'><strong>sorte</strong></span> <span class='ocrx_word' id='word_1_17' title='bbox 487 394 548 440; x_wconf 64' lang='lat' dir='ltr'><strong>tuat</strong></span> <span class='ocrx_word' id='word_1_18' title='bbox 564 406 608 441; x_wconf 86' lang='lat' dir='ltr'><strong>rue</strong></span> <span class='ocrx_word' id='word_1_19' title='bbox 619 390 749 443; x_wconf 85' lang='lat' dir='ltr'>libertina</span> <span class='ocrx_word' id='word_1_20' title='bbox 754 428 762 455; x_wconf 93' lang='lat'><strong><em>‚</em></strong></span> <span class='ocrx_word' id='word_1_21' title='bbox 774 409 871 462; x_wconf 87' lang='lat' dir='ltr'><strong>neque</strong></span> <span class='ocrx_word' id='word_1_22' title='bbox 883 411 945 448; x_wconf 85' lang='lat' dir='ltr'><strong>unu</strong></span> 
     </span>
     <span class='ocr_line' id='line_1_5' title="bbox 327 458 734 526; baseline 0.002 -16"><span class='ocrx_word' id='word_1_23' title='bbox 327 459 464 511; x_wconf 79' lang='lat' dir='ltr'><strong>Contenta</strong></span> <span class='ocrx_word' id='word_1_24' title='bbox 469 458 592 526; x_wconf 87' lang='lat' dir='ltr'><strong>,Phryne</strong></span> <span class='ocrx_word' id='word_1_25' title='bbox 603 466 734 511; x_wconf 77' lang='lat' dir='ltr'><strong>macerat.</strong></span> 
     </span>
    </p>
   </div>
   <div class='ocr_carea' id='block_1_3' title="bbox 256 614 1013 809">
    <p class='ocr_par' dir='ltr' id='par_1_3' title="bbox 256 614 1013 809">
     <span class='ocr_line' id='line_1_6' title="bbox 256 614 1013 659; baseline 0.026 -18"><span class='ocrx_word' id='word_1_26' title='bbox 256 614 1013 659; x_wconf 59' lang='lat' dir='ltr'><strong>”mmmmm</strong></span> 
     </span>
     <span class='ocr_line' id='line_1_7' title="bbox 503 689 767 809; baseline -0.008 0"><span class='ocrx_word' id='word_1_27' title='bbox 503 689 767 809; x_wconf 77' lang='lat' dir='ltr'><strong>uurxu</strong></span> 
     </span>
    </p>
   </div>
   <div class='ocr_carea' id='block_1_4' title="bbox 420 867 856 923">
    <p class='ocr_par' dir='ltr' id='par_1_4' title="bbox 420 867 856 923">
     <span class='ocr_line' id='line_1_8' title="bbox 420 867 856 923; baseline 0.009 -8"><span class='ocrx_word' id='word_1_28' title='bbox 420 867 493 917; x_wconf 77' lang='lat' dir='ltr'><strong>AD</strong></span> <span class='ocrx_word' id='word_1_29' title='bbox 532 871 856 923; x_wconf 77' lang='grc' dir='ltr'><strong><em>ΝΕΑΕΒΔΜ.</em></strong></span> 
     </span>
    </p>
   </div>
   <div class='ocr_carea' id='block_1_5' title="bbox 255 1001 1010 1177">
    <p class='ocr_par' dir='ltr' id='par_1_5' title="bbox 255 1001 1010 1177">
     <span class='ocr_line' id='line_1_9' title="bbox 598 1001 605 1026; baseline 0 0"><span class='ocrx_word' id='word_1_30' title='bbox 598 1001 605 1026; x_wconf 70' lang='grc' dir='ltr'><strong><em>Ι</em></strong></span> 
     </span>
     <span class='ocr_line' id='line_1_10' title="bbox 255 1053 1010 1136; baseline 0.019 -34"><span class='ocrx_word' id='word_1_31' title='bbox 255 1053 318 1103; x_wconf 84' lang='grc' dir='ltr'><strong>Νοη</strong></span> <span class='ocrx_word' id='word_1_32' title='bbox 329 1062 468 1105; x_wconf 68' lang='lat' dir='ltr'><strong>seruatam</strong></span> <span class='ocrx_word' id='word_1_33' title='bbox 480 1054 516 1103; x_wconf 80' lang='lat' dir='ltr'><strong>ab</strong></span> <span class='ocrx_word' id='word_1_34' title='bbox 527 1072 560 1104; x_wconf 87' lang='lat' dir='ltr'><strong>ea</strong></span> <span class='ocrx_word' id='word_1_35' title='bbox 566 1056 655 1121; x_wconf 86' lang='lat' dir='ltr'><strong>fidem</strong></span> <span class='ocrx_word' id='word_1_36' title='bbox 665 1059 852 1136; x_wconf 78' lang='lat' dir='ltr'><em>conqueritur,</em></span> <span class='ocrx_word' id='word_1_37' title='bbox 865 1066 1010 1115; x_wconf 76' lang='lat' dir='ltr'><strong>etnumiuu</strong></span> 
     </span>
     <span class='ocr_line' id='line_1_11' title="bbox 455 1122 818 1177; baseline 0.025 -9"><span class='ocrx_word' id='word_1_38' title='bbox 455 1122 520 1170; x_wconf 77' lang='lat' dir='ltr'><strong>eise</strong></span> <span class='ocrx_word' id='word_1_39' title='bbox 530 1124 676 1175; x_wconf 75' lang='lat' dir='ltr'><strong>missurum</strong></span> <span class='ocrx_word' id='word_1_40' title='bbox 687 1135 818 1177; x_wconf 78' lang='lat' dir='ltr'><strong>minatur.</strong></span> 
     </span>
    </p>
   </div>
   <div class='ocr_carea' id='block_1_6' title="bbox 555 1221 1037 1314">
    <p class='ocr_par' dir='ltr' id='par_1_6' title="bbox 555 1221 1037 1314">
     <span class='ocr_line' id='line_1_12' title="bbox 555 1221 1037 1314; baseline 0.027 -4"><span class='ocrx_word' id='word_1_41' title='bbox 555 1274 658 1312; x_wconf 70' lang='lat' dir='ltr'><strong>liure.</strong></span> <span class='ocrx_word' id='word_1_42' title='bbox 676 1275 719 1314; x_wconf 81' lang='lat'><strong>11.</strong></span> <span class='ocrx_word' id='word_1_43' title='bbox 1036 1221 1037 1268; x_wconf 32' lang='grc'>1</span> 
     </span>
    </p>
   </div>
   <div class='ocr_carea' id='block_1_7' title="bbox 290 1328 934 1502">
    <p class='ocr_par' dir='ltr' id='par_1_7' title="bbox 290 1328 934 1502">
     <span class='ocr_line' id='line_1_13' title="bbox 290 1328 934 1437; baseline 0.022 -24"><span class='ocrx_word' id='word_1_44' title='bbox 290 1328 366 1414; x_wconf 85' lang='lat' dir='ltr'><strong>Nox</strong></span> <span class='ocrx_word' id='word_1_45' title='bbox 376 1369 450 1426; x_wconf 80' lang='lat' dir='ltr'><strong>erat,</strong></span> <span class='ocrx_word' id='word_1_46' title='bbox 460 1353 490 1415; x_wconf 83' lang='lat' dir='ltr'><strong>et</strong></span> <span class='ocrx_word' id='word_1_47' title='bbox 500 1366 584 1417; x_wconf 80' lang='lat' dir='ltr'>Caelo</span> <span class='ocrx_word' id='word_1_48' title='bbox 597 1368 725 1437; x_wconf 80' lang='lat' dir='ltr'>fulgebat</span> <span class='ocrx_word' id='word_1_49' title='bbox 734 1369 818 1423; x_wconf 79' lang='lat' dir='ltr'><strong>Luna</strong></span> <span class='ocrx_word' id='word_1_50' title='bbox 828 1387 934 1427; x_wconf 81' lang='lat' dir='ltr'><strong>sereno</strong></span> 
     </span>
     <span class='ocr_line' id='line_1_14' title="bbox 324 1434 636 1502; baseline 0.016 -18"><span class='ocrx_word' id='word_1_51' title='bbox 324 1434 401 1486; x_wconf 81' lang='lat' dir='ltr'><strong>Inter</strong></span> <span class='ocrx_word' id='word_1_52' title='bbox 411 1436 519 1486; x_wconf 86' lang='lat' dir='ltr'>minora</span> <span class='ocrx_word' id='word_1_53' title='bbox 530 1436 636 1502; x_wconf 80' lang='lat' dir='ltr'><strong>sidera3</strong></span> 
     </span>
    </p>
   </div>
   <div class='ocr_carea' id='block_1_8' title="bbox 229 1502 1037 1921">
    <p class='ocr_par' dir='ltr' id='par_1_8' title="bbox 229 1502 1037 1921">
     <span class='ocr_line' id='line_1_15' title="bbox 291 1502 994 1583; baseline 0.023 -30"><span class='ocrx_word' id='word_1_54' title='bbox 291 1502 383 1564; x_wconf 72' lang='lat' dir='ltr'><strong>Quum</strong></span> <span class='ocrx_word' id='word_1_55' title='bbox 393 1512 437 1568; x_wconf 84' lang='lat' dir='ltr'><strong>tu,</strong></span> <span class='ocrx_word' id='word_1_56' title='bbox 448 1521 614 1583; x_wconf 78' lang='lat' dir='ltr'><strong>magnorum</strong></span> <span class='ocrx_word' id='word_1_57' title='bbox 626 1523 728 1561; x_wconf 85' lang='lat' dir='ltr'><strong>numen</strong></span> <span class='ocrx_word' id='word_1_58' title='bbox 739 1509 854 1564; x_wconf 83' lang='lat' dir='ltr'><strong>laesura</strong></span> <span class='ocrx_word' id='word_1_59' title='bbox 864 1512 994 1578; x_wconf 81' lang='lat' dir='ltr'><strong>Deorum,</strong></span> 
     </span>
     <span class='ocr_line' id='line_1_16' title="bbox 324 1573 1037 1642; baseline 0.027 -21"><span class='ocrx_word' id='word_1_60' title='bbox 324 1573 355 1621; x_wconf 88' lang='lat' dir='ltr'><strong>ln</strong></span> <span class='ocrx_word' id='word_1_61' title='bbox 366 1576 451 1625; x_wconf 82' lang='lat' dir='ltr'><strong>verba</strong></span> <span class='ocrx_word' id='word_1_62' title='bbox 461 1577 574 1628; x_wconf 81' lang='lat' dir='ltr'><strong>iurabas</strong></span> <span class='ocrx_word' id='word_1_63' title='bbox 586 1594 656 1642; x_wconf 83' lang='lat' dir='ltr'><strong>mea,</strong></span> <span class='ocrx_word' id='word_1_64' title='bbox 1036 1616 1037 1629; x_wconf 49' lang='lat' dir='ltr'>r</span> 
     </span>
     <span class='ocr_line' id='line_1_17' title="bbox 229 1632 1037 1720; baseline 0.03 -36"><span class='ocrx_word' id='word_1_65' title='bbox 229 1644 245 1694; x_wconf 86' lang='lat'>5</span> <span class='ocrx_word' id='word_1_66' title='bbox 288 1640 384 1689; x_wconf 82' lang='lat' dir='ltr'><strong>Artius</strong></span> <span class='ocrx_word' id='word_1_67' title='bbox 395 1646 479 1708; x_wconf 90' lang='lat' dir='ltr'><strong>atque</strong></span> <span class='ocrx_word' id='word_1_68' title='bbox 490 1647 575 1698; x_wconf 80' lang='lat' dir='ltr'><strong>edera</strong></span> <span class='ocrx_word' id='word_1_69' title='bbox 587 1664 704 1714; x_wconf 81' lang='lat' dir='ltr'><strong>procera</strong></span> <span class='ocrx_word' id='word_1_70' title='bbox 715 1650 904 1720; x_wconf 71' lang='lat' dir='ltr'>adstringitur</span> <span class='ocrx_word' id='word_1_71' title='bbox 915 1656 975 1717; x_wconf 81' lang='lat' dir='ltr'>ilex,</span> <span class='ocrx_word' id='word_1_72' title='bbox 1036 1632 1037 1697; x_wconf 52' lang='lat' dir='ltr'>l</span> 
     </span>
     <span class='ocr_line' id='line_1_18' title="bbox 325 1707 733 1783; baseline 0.034 -28"><span class='ocrx_word' id='word_1_73' title='bbox 325 1707 423 1760; x_wconf 85' lang='lat' dir='ltr'><strong>Lentis</strong></span> <span class='ocrx_word' id='word_1_74' title='bbox 435 1711 590 1783; x_wconf 74' lang='lat' dir='ltr'><strong>adhaerens</strong></span> <span class='ocrx_word' id='word_1_75' title='bbox 600 1718 733 1771; x_wconf 80' lang='lat' dir='ltr'>brachiis:</span> 
     </span>
     <span class='ocr_line' id='line_1_19' title="bbox 289 1773 951 1848; baseline 0.033 -24"><span class='ocrx_word' id='word_1_76' title='bbox 289 1773 365 1826; x_wconf 88' lang='lat' dir='ltr'><strong>Dum</strong></span> <span class='ocrx_word' id='word_1_77' title='bbox 376 1783 470 1843; x_wconf 85' lang='lat' dir='ltr'>pecori</span> <span class='ocrx_word' id='word_1_78' title='bbox 481 1782 576 1848; x_wconf 87' lang='lat' dir='ltr'><strong>lupus,</strong></span> <span class='ocrx_word' id='word_1_79' title='bbox 588 1791 617 1837; x_wconf 87' lang='lat' dir='ltr'><strong>et</strong></span> <span class='ocrx_word' id='word_1_80' title='bbox 627 1791 720 1839; x_wconf 81' lang='lat' dir='ltr'><strong>nautis</strong></span> <span class='ocrx_word' id='word_1_81' title='bbox 730 1789 851 1842; x_wconf 75' lang='lat' dir='ltr'><strong>infestus</strong></span> <span class='ocrx_word' id='word_1_82' title='bbox 861 1794 951 1846; x_wconf 83' lang='lat' dir='ltr'>Orion</span> 
     </span>
     <span class='ocr_line' id='line_1_20' title="bbox 325 1846 712 1921; baseline 0.034 -25"><span class='ocrx_word' id='word_1_83' title='bbox 325 1846 461 1900; x_wconf 76' lang='lat' dir='ltr'>&#39;l&#39;urbarit</span> <span class='ocrx_word' id='word_1_84' title='bbox 471 1849 615 1905; x_wconf 82' lang='lat' dir='ltr'><strong>hibernum</strong></span> <span class='ocrx_word' id='word_1_85' title='bbox 626 1873 712 1921; x_wconf 82' lang='lat' dir='ltr'><strong>mure,</strong></span> 
     </span>
    </p>
   </div>
   <div class='ocr_carea' id='block_1_9' title="bbox 213 1915 959 2339">
    <p class='ocr_par' dir='ltr' id='par_1_9' title="bbox 213 1915 959 2339">
     <span class='ocr_line' id='line_1_21' title="bbox 287 1915 959 1997; baseline 0.03 -33"><span class='ocrx_word' id='word_1_86' title='bbox 287 1915 470 1986; x_wconf 84' lang='lat' dir='ltr'><strong>intonsosque</strong></span> <span class='ocrx_word' id='word_1_87' title='bbox 482 1924 597 1989; x_wconf 80' lang='lat' dir='ltr'>agitarit</span> <span class='ocrx_word' id='word_1_88' title='bbox 605 1927 739 1992; x_wconf 83' lang='lat' dir='ltr'><strong>Apollinis</strong></span> <span class='ocrx_word' id='word_1_89' title='bbox 751 1944 821 1980; x_wconf 75' lang='lat' dir='ltr'><strong>aura</strong></span> <span class='ocrx_word' id='word_1_90' title='bbox 832 1934 959 1997; x_wconf 84' lang='lat' dir='ltr'>capillos,</span> 
     </span>
     <span class='ocr_line' id='line_1_22' title="bbox 213 1984 761 2049; baseline 0.033 -18"><span class='ocrx_word' id='word_1_91' title='bbox 213 2004 244 2038; x_wconf 88' lang='lat'><strong>10</strong></span> <span class='ocrx_word' id='word_1_92' title='bbox 323 1984 396 2039; x_wconf 85' lang='lat' dir='ltr'><strong>Fure</strong></span> <span class='ocrx_word' id='word_1_93' title='bbox 407 1988 480 2040; x_wconf 87' lang='lat' dir='ltr'><strong>hunc</strong></span> <span class='ocrx_word' id='word_1_94' title='bbox 491 2007 615 2045; x_wconf 81' lang='lat' dir='ltr'><strong>aurorem</strong></span> <span class='ocrx_word' id='word_1_95' title='bbox 625 2003 761 2049; x_wconf 85' lang='lat' dir='ltr'><strong>mutuum.</strong></span> 
     </span>
     <span class='ocr_line' id='line_1_23' title="bbox 288 2053 928 2131; baseline 0.03 -27"><span class='ocrx_word' id='word_1_96' title='bbox 288 2053 325 2117; x_wconf 90' lang='grc' dir='ltr'><strong>Ο,</strong></span> <span class='ocrx_word' id='word_1_97' title='bbox 336 2054 459 2108; x_wconf 81' lang='lat' dir='ltr'>dolitura</span> <span class='ocrx_word' id='word_1_98' title='bbox 471 2074 534 2110; x_wconf 81' lang='lat' dir='ltr'><strong>mea</strong></span> <span class='ocrx_word' id='word_1_99' title='bbox 544 2064 663 2117; x_wconf 88' lang='lat' dir='ltr'><strong>multum</strong></span> <span class='ocrx_word' id='word_1_100' title='bbox 674 2069 790 2131; x_wconf 81' lang='lat' dir='ltr'><strong>virtute,</strong></span> <span class='ocrx_word' id='word_1_101' title='bbox 801 2069 928 2122; x_wconf 75' lang='lat' dir='ltr'><strong>Neaera!</strong></span> 
     </span>
     <span class='ocr_line' id='line_1_24' title="bbox 323 2124 795 2200; baseline 0.032 -26"><span class='ocrx_word' id='word_1_102' title='bbox 323 2124 407 2188; x_wconf 79' lang='lat' dir='ltr'><strong>Nam,</strong></span> <span class='ocrx_word' id='word_1_103' title='bbox 418 2131 441 2176; x_wconf 87' lang='lat' dir='ltr'><strong>si</strong></span> <span class='ocrx_word' id='word_1_104' title='bbox 452 2130 519 2193; x_wconf 87' lang='lat' dir='ltr'><strong>quid</strong></span> <span class='ocrx_word' id='word_1_105' title='bbox 529 2133 557 2180; x_wconf 85' lang='lat' dir='ltr'><strong>in</strong></span> <span class='ocrx_word' id='word_1_106' title='bbox 567 2131 669 2187; x_wconf 81' lang='lat' dir='ltr'>Flacco</span> <span class='ocrx_word' id='word_1_107' title='bbox 680 2139 732 2187; x_wconf 82' lang='lat' dir='ltr'>viri</span> <span class='ocrx_word' id='word_1_108' title='bbox 743 2143 795 2200; x_wconf 78' lang='lat' dir='ltr'><strong>ert,</strong></span> 
     </span>
     <span class='ocr_line' id='line_1_25' title="bbox 288 2193 920 2274; baseline 0.03 -31"><span class='ocrx_word' id='word_1_109' title='bbox 288 2193 350 2244; x_wconf 88' lang='lat' dir='ltr'><strong>Nun</strong></span> <span class='ocrx_word' id='word_1_110' title='bbox 360 2194 433 2246; x_wconf 87' lang='lat' dir='ltr'><strong>feret</strong></span> <span class='ocrx_word' id='word_1_111' title='bbox 443 2199 570 2251; x_wconf 78' lang='lat' dir='ltr'><strong>assiduas</strong></span> <span class='ocrx_word' id='word_1_112' title='bbox 580 2207 684 2268; x_wconf 89' lang='lat' dir='ltr'>potiori</span> <span class='ocrx_word' id='word_1_113' title='bbox 694 2211 722 2259; x_wconf 88' lang='lat' dir='ltr'><strong>te</strong></span> <span class='ocrx_word' id='word_1_114' title='bbox 733 2207 799 2259; x_wconf 81' lang='lat' dir='ltr'><strong>dare</strong></span> <span class='ocrx_word' id='word_1_115' title='bbox 810 2215 920 2274; x_wconf 75' lang='lat' dir='ltr'><strong>noctes,</strong></span> 
     </span>
     <span class='ocr_line' id='line_1_26' title="bbox 323 2264 698 2339; baseline 0.035 -24"><span class='ocrx_word' id='word_1_116' title='bbox 323 2264 359 2315; x_wconf 87' lang='lat' dir='ltr'><strong>Et</strong></span> <span class='ocrx_word' id='word_1_117' title='bbox 369 2271 487 2330; x_wconf 83' lang='lat' dir='ltr'><strong>quaeret</strong></span> <span class='ocrx_word' id='word_1_118' title='bbox 496 2269 585 2322; x_wconf 85' lang='lat' dir='ltr'><strong>iratus</strong></span> <span class='ocrx_word' id='word_1_119' title='bbox 594 2289 698 2339; x_wconf 79' lang='lat' dir='ltr'><strong>parem.</strong></span> 
     </span>
    </p>
   </div>
   <div class='ocr_carea' id='block_1_10' title="bbox 213 2330 1037 2483">
    <p class='ocr_par' dir='ltr' id='par_1_10' title="bbox 213 2330 1037 2483">
     <span class='ocr_line' id='line_1_27' title="bbox 213 2330 970 2412; baseline 0.029 -31"><span class='ocrx_word' id='word_1_120' title='bbox 213 2330 243 2383; x_wconf 90' lang='lat'><strong>15</strong></span> <span class='ocrx_word' id='word_1_121' title='bbox 292 2332 349 2385; x_wconf 84' lang='lat' dir='ltr'><strong>Nec</strong></span> <span class='ocrx_word' id='word_1_122' title='bbox 358 2336 445 2387; x_wconf 81' lang='lat' dir='ltr'><strong>semel</strong></span> <span class='ocrx_word' id='word_1_123' title='bbox 456 2336 580 2393; x_wconf 83' lang='lat' dir='ltr'><strong>offensae</strong></span> <span class='ocrx_word' id='word_1_124' title='bbox 591 2344 672 2396; x_wconf 86' lang='lat' dir='ltr'><strong>cedet</strong></span> <span class='ocrx_word' id='word_1_125' title='bbox 682 2349 840 2398; x_wconf 73' lang='lat' dir='ltr'>constantia</span> <span class='ocrx_word' id='word_1_126' title='bbox 851 2347 970 2412; x_wconf 81' lang='lat' dir='ltr'><strong>formae,</strong></span> 
     </span>
     <span class='ocr_line' id='line_1_28' title="bbox 323 2402 1037 2483; baseline 0.043 -31"><span class='ocrx_word' id='word_1_127' title='bbox 323 2402 352 2453; x_wconf 89' lang='lat' dir='ltr'><strong>Si</strong></span> <span class='ocrx_word' id='word_1_128' title='bbox 363 2410 456 2457; x_wconf 82' lang='lat' dir='ltr'><strong>certus</strong></span> <span class='ocrx_word' id='word_1_129' title='bbox 467 2409 581 2460; x_wconf 87' lang='lat' dir='ltr'>intrarit</span> <span class='ocrx_word' id='word_1_130' title='bbox 591 2413 679 2465; x_wconf 86' lang='lat' dir='ltr'>dolor.</span> <span class='ocrx_word' id='word_1_131' title='bbox 1036 2422 1037 2483; x_wconf 76' lang='lat' dir='ltr'>l</span> 
     </span>
    </p>
   </div>
   <div class='ocr_carea' id='block_1_11' title="bbox 286 2471 978 2611">
    <p class='ocr_par' dir='ltr' id='par_1_11' title="bbox 286 2471 978 2611">
     <span class='ocr_line' id='line_1_29' title="bbox 286 2471 978 2552; baseline 0.032 -34"><span class='ocrx_word' id='word_1_132' title='bbox 286 2471 323 2520; x_wconf 78' lang='lat' dir='ltr'><strong>At</strong></span> <span class='ocrx_word' id='word_1_133' title='bbox 331 2476 374 2532; x_wconf 84' lang='lat' dir='ltr'><strong>tu,</strong></span> <span class='ocrx_word' id='word_1_134' title='bbox 386 2477 552 2542; x_wconf 87' lang='lat' dir='ltr'><strong>quicumque</strong></span> <span class='ocrx_word' id='word_1_135' title='bbox 563 2495 592 2529; x_wconf 86' lang='lat' dir='ltr'><strong>es</strong></span> <span class='ocrx_word' id='word_1_136' title='bbox 603 2481 725 2547; x_wconf 83' lang='lat' dir='ltr'><strong>felicior,</strong></span> <span class='ocrx_word' id='word_1_137' title='bbox 735 2491 818 2552; x_wconf 82' lang='lat' dir='ltr'><strong>atque</strong></span> <span class='ocrx_word' id='word_1_138' title='bbox 829 2502 896 2540; x_wconf 86' lang='lat' dir='ltr'><strong>meo</strong></span> <span class='ocrx_word' id='word_1_139' title='bbox 906 2505 978 2540; x_wconf 81' lang='lat' dir='ltr'><strong>nune</strong></span> 
     </span>
     <span class='ocr_line' id='line_1_30' title="bbox 323 2537 673 2611; baseline 0.043 -26"><span class='ocrx_word' id='word_1_140' title='bbox 323 2537 464 2602; x_wconf 84' lang='lat' dir='ltr'><strong>Superbus</strong></span> <span class='ocrx_word' id='word_1_141' title='bbox 473 2546 579 2596; x_wconf 78' lang='lat' dir='ltr'>incedis</span> <span class='ocrx_word' id='word_1_142' title='bbox 591 2551 673 2611; x_wconf 84' lang='lat' dir='ltr'>malo,</span> 
     </span>
    </p>
   </div>
   <div class='ocr_carea' id='block_1_12' title="bbox 207 2601 915 2749">
    <p class='ocr_par' dir='ltr' id='par_1_12' title="bbox 207 2601 915 2749">
     <span class='ocr_line' id='line_1_31' title="bbox 287 2601 915 2690; baseline 0.038 -37"><span class='ocrx_word' id='word_1_143' title='bbox 287 2601 331 2653; x_wconf 78' lang='lat' dir='ltr'><strong>sis</strong></span> <span class='ocrx_word' id='word_1_144' title='bbox 341 2618 454 2670; x_wconf 83' lang='lat' dir='ltr'><strong>pecore,</strong></span> <span class='ocrx_word' id='word_1_145' title='bbox 465 2615 494 2660; x_wconf 86' lang='lat' dir='ltr'><strong>et</strong></span> <span class='ocrx_word' id='word_1_146' title='bbox 504 2614 592 2664; x_wconf 84' lang='lat' dir='ltr'>multa</span> <span class='ocrx_word' id='word_1_147' title='bbox 603 2618 678 2669; x_wconf 84' lang='lat' dir='ltr'><strong>dives</strong></span> <span class='ocrx_word' id='word_1_148' title='bbox 688 2620 791 2674; x_wconf 85' lang='lat' dir='ltr'><strong>tellure</strong></span> <span class='ocrx_word' id='word_1_149' title='bbox 800 2623 915 2690; x_wconf 80' lang='lat' dir='ltr'><strong>licebit3</strong></span> 
     </span>
     <span class='ocr_line' id='line_1_32' title="bbox 207 2670 673 2749; baseline 0.052 -37"><span class='ocrx_word' id='word_1_150' title='bbox 207 2688 240 2721; x_wconf 85' lang='lat'><strong>20</strong></span> <span class='ocrx_word' id='word_1_151' title='bbox 321 2670 439 2739; x_wconf 73' lang='lat' dir='ltr'><strong>&#39;sibique</strong></span> <span class='ocrx_word' id='word_1_152' title='bbox 450 2676 580 2732; x_wconf 79' lang='lat' dir='ltr'><strong>Pactolus</strong></span> <span class='ocrx_word' id='word_1_153' title='bbox 591 2684 673 2749; x_wconf 79' lang='lat' dir='ltr'><strong>fluat3</strong></span> 
     </span>
    </p>
   </div>
   <div class='ocr_carea' id='block_1_13' title="bbox 0 0 1046 3075">
    <p class='ocr_par' dir='ltr' id='par_1_13' title="bbox 0 0 1046 3075">
     <span class='ocr_line' id='line_1_33' title="bbox 0 0 1046 3075; baseline 0 0"><span class='ocrx_word' id='word_1_154' title='bbox 0 0 1046 3075; x_wconf 95' lang='lat' dir='ltr'><strong> </strong></span> 
     </span>
    </p>
   </div>
  </div>
 </body>
</html>
