2084 3075
358 161 505 217 LIBER
531 166 586 219 ΙΙΙ.

69 319 71 322 ,
124 266 482 335 Parcentesegodexteras

164 337 230 388 Odi:
245 351 345 403 sparge
355 351 447 388 rosas:
463 336 561 388 audiat
571 337 680 389 invidus

126 406 293 458 Dementem
304 409 450 471 strepitum
462 407 565 471 Lycus,
606 427 610 437 ·

162 476 199 526 Et
208 476 299 526 vicina
309 477 368 526 seni
380 491 435 526 non
446 474 546 526 habilis
556 474 642 542 Lyco.

126 544 223 611 Spissa
232 550 261 596 to
271 544 388 594 nitidum
400 559 487 606 eoum,
797 594 799 598 .
859 546 891 599 25

162 612 238 663 Puro
248 619 276 663 te
288 613 414 673 similem,
425 613 559 679 'l'elophe
568 612 702 680 Vespero,
735 609 740 615 ’

126 683 307 748 Tempestiva
316 683 386 746 petit
397 680 505 733 Rhode:

161 750 209 803 Me
220 750 313 803 lentus
324 749 463 816 Glycerae
474 756 565 804 torret
576 767 654 805 amor
663 767 750 807 meae.

99 881 842 915 W

341 974 608 1050 oua-XX.

251 1101 324 1150 AD
361 1101 695 1152 annuunt.

102 1259 148 1308 Ne
151 1257 306 1328 formosum
315 1259 471 1311 Nearchum
481 1277 499 1309 a
509 1278 562 1311 sua
567 1259 667 1331 puella
676 1258 833 1310 abstrahat.

367 1392 468 1430 uara.
487 1392 573 1430 xvir.

160 1441 199 1525 N
202 1464 239 1527 on
245 1477 333 1536 vides,
345 1482 450 1540 quanto
462 1490 574 1524 moveas
583 1475 698 1540 periclo,

161 1543 279 1609 Pyrrhe,
291 1543 550 1594 Gaetulaeeatulos
561 1541 695 1594 leaenaet·

161 1612 244 1662 Dura
253 1617 317 1676 post
325 1612 420 1678 paullo
432 1612 522 1679 fugies
533 1611 655 1662 inaudax

232 1680 345 1733 Proelia
355 1685 464 1746 raptor3

161 1784 253 1846 Quum
264 1799 315 1849 per
326 1784 466 1835 obstantes
478 1785 608 1839 iuuenum
620 1789 745 1838 catervas
861 1792 877 1843 5

160 1854 215 1905 ibit
224 1855 361 1920 insignem
374 1860 502 1917 repetens
513 1852 684 1904 Nearchum:

161 1921 275 1973 Grande
286 1926 436 1982 certamen,
447 1921 499 1970 tibi
508 1921 614 1985 praeda
625 1921 706 1971 cedat
770 1927 778 1933 ’

231 1992 332 2053 Maior,
343 2005 378 2039 an
390 1990 440 2039 illi.
496 2006 498 2015 <

160 2094 285 2157 interim,
296 2093 361 2145 dum
373 2099 403 2142 tu
415 2093 521 2145 celeres
532 2093 650 2159 sagittas

161 2162 280 2225 Promis,
291 2160 360 2214 haee
370 2162 467 2214 dentes
478 2163 555 2214 acuit
565 2160 716 2212 timendos:

161 2232 271 2285 Arbiter
282 2246 391 2299 pugnae
402 2234 526 2296 posuisse
537 2230 612 2283 nudo

233 2299 289 2352 Sub
301 2301 371 2366 pede
382 2302 501 2365 palmam

163 2403 279 2468 Fertur3
294 2410 323 2456 et
332 2404 389 2455 leni
399 2418 528 2455 recreare
537 2408 621 2455 vento

164 2472 297 2539 Sparsum
309 2473 434 2539 odoratis
444 2471 589 2523 humerum
599 2472 719 2537 sapiliisr

164 2542 262 2603 Qualis
273 2547 322 2593 alit
332 2542 433 2594 Nireus
444 2541 507 2603 fuit,
518 2545 568 2590 aut
578 2554 683 2607 aquosa

234 2612 339 2679 Raptus
350 2614 384 2665 ab
394 2611 451 2663 lda.

389 2720 556 2735 ’.ἢ
