2084 3075
310 88 458 155 ursus
486 88 541 155 ιιι.

79 201 191 254 Vestris
202 199 320 250 amicum
331 195 463 254 fontibus,
473 195 502 241 et
512 188 613 250 choris,

81 271 145 323 Nen
156 284 201 330 me
210 266 345 333 Philippis
356 277 436 316 versa
447 262 521 311 acies
531 262 618 319 retro,

119 339 227 390 Devota
239 352 295 386 non
306 335 426 386 extinxit
437 331 530 391 arbes,

154 404 318 460 NeeSieula
327 397 476 454 Palinurus
487 396 572 449 unda.

82 517 240 582 Utcumque
249 528 358 564 mecum
368 526 417 561 ves
427 508 515 569 eritis,
525 506 616 557 libens

82 586 272 643 insanientem
283 583 378 634 navita
387 576 543 643 Bosporum

120 654 258 713 Tentabe,
269 655 297 701 et
309 655 420 700 urentes
432 659 531 697 arenas

155 722 274 773 Litteris
284 719 392 785 Assyrii
401 718 500 766 viator.

83 833 181 885 Visam
190 831 343 882 Britannos
352 823 506 893 hospitibus
516 822 600 884 feres,

83 904 124 955 Et
133 903 238 953 laetum
248 901 350 966 equino
362 897 497 963 sanguine
509 893 682 944 Concanum:

122 970 217 1023 Visam
228 968 406 1035 pharetratos
418 964 550 1024 Gelonos,

160 1040 197 1091 Et
207 1037 367 1104 Scythicum
378 1033 528 1085 inviolatus
540 1044 657 1096 amnem.

85 1149 145 1201 Vos
157 1147 312 1208 Caesarem,
323 1145 411 1196 altum
423 1142 533 1203 militia,
544 1138 628 1191 simul

84 1218 189 1272 Fessas
199 1215 327 1267 cohortes
338 1212 461 1266 reddidit
472 1210 590 1276 oppidis,

123 1285 218 1337 Finire
229 1286 410 1351 quaerentem
420 1281 542 1342 labores,

159 1354 252 1405 Pierio
262 1353 398 1403 recreatis
410 1352 500 1422 antro.
599 1353 602 1357 ’

83 1437 145 1514 Vos
155 1461 218 1513 leue
228 1455 375 1511 consilium
385 1458 414 1504 et
424 1455 506 1514 datis,
517 1457 546 1502 et
556 1453 622 1502 dato

85 1531 236 1590 Gaudetis,
248 1525 348 1577 almae.
370 1520 477 1572 Scimus
487 1522 520 1569 ut
529 1521 629 1585 impios

123 1602 253 1656 Titanas,
265 1596 468 1656 immanemque
476 1593 599 1638 turmam

141 1664 292 1718 'Fulmine
302 1654 448 1711 sustulerit
458 1656 573 1719 caduce,
666 1718 668 1724 y
763 1695 766 1700 .

89 1777 145 1839 eui
156 1778 262 1826 terram
273 1772 400 1832 inertem,
411 1770 459 1835 qui
468 1782 545 1818 mare
554 1771 693 1834 temperat

78 1846 253 1904 ventosum,
263 1844 293 1891 et
302 1840 393 1901 urbes,
404 1852 544 1905 regnaque
554 1839 657 1898 tristia,

127 1914 279 1979 Divosque,
290 1908 479 1972 mortalesque
489 1906 586 1964 turbas

162 1981 283 2048 Imperio
294 1978 368 2045 regit
378 1990 448 2027 unus
458 1988 556 2043 aeque.

92 2091 228 2159 Magnum
237 2088 288 2138 illa
296 2091 434 2137 terrerem
443 2084 579 2135 intulerat
588 2083 647 2134 leri

93 2161 198 2214 Fidens
207 2160 345 2217 iuventus,
355 2153 471 2205 horrida
480 2151 616 2215 brachiis;

129 2228 300 2290 Fratresque
309 2224 455 2274 tendentes
466 2237 553 2289 opaco

166 2295 264 2348 Pelion
274 2293 438 2358 imposuisse
447 2291 575 2358 Olympo.

96 2404 153 2458 Sed
164 2403 232 2471 quid
241 2400 401 2468 Typhoeus,
412 2406 441 2451 et
448 2397 558 2450 validus
568 2399 678 2464 Mimas,

97 2477 153 2528 Aut
163 2472 231 2539 quid
241 2471 342 2521 minaci
351 2468 528 2535 Porphyrion
538 2474 623 2532 statu,

134 2541 208 2603 Quid
218 2539 349 2601 Rhoetus,
360 2537 517 2603 evulsisque
527 2541 634 2589 truncis

169 2609 327 2662 Enceladus
337 2606 474 2677 iaculator
485 2607 586 2668 eudax,
