2084 3075
232 167 297 228 248'
437 159 787 222 uplsrouaaurd

127 313 130 317 ,
234 277 390 330 Stultorum
399 276 529 325 incurata
538 268 628 338 pudor
638 265 729 319 malus
741 264 840 329 ulcera
848 261 931 314 celat

193 355 227 406 25
235 347 264 400 Si
275 349 336 415 quis
345 344 421 396 bella
431 343 483 401 tibi
492 346 569 392 terra
579 342 715 405 pugnata,
727 335 856 399 marique

236 418 334 478 Dicat3
349 406 378 466 it
387 412 430 464 his
439 412 531 462 verbis
541 422 644 459 vacuas
654 403 829 472 permulceat
839 415 941 452 aures:

236 488 314 538 Tene
325 485 412 550 magis
423 481 529 531 salvum
540 476 659 544 populus
671 473 750 533 velit,
766 486 802 521 an
811 470 952 537 populum
962 474 1000 529 tu,

238 553 374 607 Serret'in
386 552 527 617 ambiguo,
538 549 585 613 qui
596 543 718 596 consulit
728 547 757 592 et
765 541 833 602 tibi,
843 545 873 590 et
884 540 964 601 Urbi,

240 626 363 690 Iupiter3
377 620 494 686 Augusti
505 617 602 667 laudes
614 625 766 680 agnoscere
776 607 888 676 possis}

91 700 99 707 ‘
197 693 230 744 50
240 696 332 757 Quum
344 692 448 755 pateris
458 689 580 752 sapiens,
592 681 810 745 emendatusque
821 680 934 740 vocari3

239 760 435 827 Respondesne
445 763 508 817 tuo,
519 755 564 804 dio
574 752 669 812 sodes,
680 746 807 799 nominet
823 746 934 812 Nempe

239 831 289 882 Vir
299 831 401 888 bonus,
412 832 440 876 et
450 824 571 890 prudens
581 821 636 871 dici
647 818 773 871 delector
783 830 851 883 ego,
860 831 897 865 ac
907 821 946 865 tu.

241 900 296 959 Qui
306 896 383 946 dedit
394 894 446 944 hoc
458 892 554 953 hodie;
569 906 644 949 cras,
654 889 678 938 si
688 887 776 947 volet,
788 884 914 936 auferet:
930 887 961 933 ut
968 884 990 932 si

240 964 385 1017 Detulerit
395 961 485 1012 fasces
496 961 623 1027 indigno,
634 953 763 1007 detrahet
772 954 856 1004 idem.

199 1029 232 1081 55
241 1035 331 1094 Pone,
343 1047 434 1081 meum
445 1035 500 1090 est,
510 1031 613 1095 inquit:
628 1040 714 1091 pono,
725 1025 872 1089 tristisque
882 1020 990 1074 recedo.

241 1102 318 1156 Idem
328 1102 352 1150 si
363 1100 464 1149 clamet
475 1097 580 1158 furem,
591 1100 674 1161 neget
684 1108 745 1145 esse
756 1092 899 1158 pudicum,

244 1169 400 1222 Contendat
410 1167 511 1233 laqueo
521 1165 624 1216 collum
635 1163 768 1228 pressisse
779 1170 944 1227 paternum3

242 1239 377 1293 Mordeat
387 1236 543 1304 opprobriis
553 1234 644 1294 falsis,
655 1236 813 1296 mutemque
823 1226 953 1280 colores!

243 1311 343 1363 Falsus
353 1309 440 1358 honor
452 1308 541 1364 iuvat,
553 1309 581 1353 et
590 1301 708 1352 mendax
719 1299 835 1349 infamia
845 1302 946 1359 terret,

161 1380 163 1385 '
180 1375 183 1381 ’
202 1381 235 1433 40
245 1381 342 1443 Quem,
351 1378 405 1427 nisi
415 1373 586 1432 mendosum,
596 1376 625 1420 et
634 1365 847 1471 nredicandpmi
857 1366 1000 1416 virbonus

485 1451 488 1457 '
659 1439 790 1505 estquis.

211 1565 214 1570 .
246 1519 300 1582 Qui
311 1516 438 1569 consulta
449 1519 572 1582 patrum,
582 1512 630 1578 qui
639 1509 729 1576 leges,
740 1509 860 1574 iuraque
870 1509 976 1567 serrat3

246 1589 308 1648 Quo
320 1586 437 1647 multae,
448 1591 619 1650 magnaeque
628 1584 760 1629 secantur
769 1576 863 1627 iudice
873 1574 953 1635 litem

246 1654 307 1713 Quo
318 1669 363 1705 res
374 1668 520 1718 sponsore,
530 1656 559 1701 et
570 1664 624 1715 quo
635 1661 750 1698 caussae
761 1650 833 1696 teste
844 1648 983 1695 tenentur.
1033 1687 1034 1694 ,

246 1720 301 1771 Sed
311 1720 388 1771 videt
397 1719 470 1771 hunc
481 1721 570 1771 omnis
581 1718 693 1779 domus,
703 1720 733 1767 et
741 1715 844 1766 ricinia
854 1718 919 1766 tota
1033 1715 1034 1726 ¹

203 1788 385 1845 451ntrorsus
395 1793 518 1854 turpem,
529 1785 684 1853 speciosum
696 1785 771 1851 pelle
782 1785 895 1835 decora.

245 1857 303 1910 Neo
314 1856 419 1909 furtum
431 1856 498 1919 feci,
509 1871 560 1907 nec
571 1856 643 1923 fugi3
659 1856 683 1904 si
693 1854 761 1904 mihi
771 1853 848 1903 dicat

246 1927 360 1978 Servus:
375 1926 460 1978 habes
471 1927 604 1992 pretium,
614 1925 683 1974 loris
694 1939 749 1973 non
759 1923 865 1982 ureris,
876 1921 930 1972 aio.

245 1996 308 2050 Non
323 1996 460 2047 hominem
473 1994 575 2056 occidi3
590 2009 644 2044 non
655 2008 752 2059 pasees
763 1993 791 2041 in
802 2005 887 2041 cruce
898 2000 998 2041 corvos

246 2064 313 2117 Sum
324 2067 425 2125 bonus,
437 2069 464 2114 et
474 2062 560 2130 frugi:
575 2064 681 2123 renuit,
690 2062 854 2127 negitatque
865 2056 998 2109 sahenas:

206 2135 238 2187 50
248 2136 434 2188 Cautusenim
447 2135 547 2182 metuit
557 2132 664 2182 foveam
675 2130 771 2195 lupus,
783 2129 969 2194 accipiterque

247 2203 396 2269 Suspectos
406 2201 535 2269 laqueos,
545 2206 574 2252 et
584 2204 711 2265 opertum
723 2199 826 2249 miluus
836 2195 958 2247 hamum.

248 2273 375 2324 Oderunt
384 2285 501 2337 peccare
511 2271 577 2322 boni
587 2271 698 2319 virtutis
708 2282 816 2330 emore;

247 2344 293 2394 Tu
302 2341 370 2391 nihil
383 2341 514 2391 admittes
525 2342 553 2389 in
563 2344 591 2390 te
602 2336 749 2389 formidine
759 2350 876 2403 poerrae.

248 2410 291 2461 Sit
301 2426 364 2475 spes
376 2409 504 2470 saliendi,
516 2408 643 2458 miscebis
653 2421 733 2457 sacra
744 2406 884 2472 profanis:

208 2478 239 2528 55
248 2478 318 2528 Nam
329 2478 364 2529 de
375 2477 451 2528 mille
462 2475 543 2528 fabae
553 2476 652 2526 modiis
663 2490 747 2541 quum
758 2475 878 2540 surripis
889 2487 981 2533 unum,

202 2549 204 2555 ’
249 2544 388 2596 Damnum
398 2553 454 2605 est,
469 2559 525 2594 non
536 2544 655 2604 facinus,
671 2543 738 2592 mihi
749 2548 830 2609 pacto
843 2542 999 2593 leniusisto

249 2609 415 2676 virbonus,
435 2628 516 2664 omne
527 2612 630 2664 Forum
645 2626 728 2730 quelm
742 2616 864 2728 spirent,
886 2616 915 2663 et
925 2624 1000 2663 omne

391 2711 395 2716 ·
492 2702 496 2708 ·
661 2682 700 2730 tri
720 2694 795 2743 una,
