2084 3075
284 42 298 71 Χ

292 173 444 249 nisan
465 197 502 249 u.
525 196 552 250 4.
748 200 802 252 nor

19 300 175 363 Dulcior3
191 299 297 367 irriguo
307 297 377 350 nibil
387 303 431 351 est
440 299 543 351 elutius
553 294 644 351 horto.

21 369 57 421 Si
68 371 258 434 vespertinus
268 369 359 420 subito
369 374 398 420 te
408 370 578 435 oppresserit
587 368 702 435 hospes3

20 439 70 491 Ne
84 437 201 505 gallina
211 439 315 488 nialum
326 445 472 504 responset
482 438 554 489 dura
564 437 669 503 palato,

24 508 151 559 Doctus
163 508 220 558 eris
229 509 319 557 vivam
331 514 422 557 musto
432 523 555 558 mersare
566 507 700 557 Falerno:

26 578 101 627 Hoc
112 580 243 627 teneram
256 575 348 625 faciet.
371 575 551 626 Pratensibus
561 578 667 642 optima
677 574 771 641 fungis
815 584 858 631 20‘

27 645 151 698 Natura
163 651 220 696 est:
237 643 301 693 aliis
311 644 383 694 male
394 644 526 695 creditur.
548 646 598 696 lile
609 644 736 695 salubres
820 648 827 657 ⁸

28 716 172 766 Aestates
183 717 313 780 peraget,
324 714 371 778 qui
381 713 469 780 bigris
479 714 596 779 prandia
606 715 693 764 moris

30 784 149 845 Finiet,
161 786 228 833 ante
239 795 351 847 gravem
363 796 434 846 quae
444 783 546 849 legerit
556 784 657 834 arbore
668 782 765 834 solem.

32 854 172 904 Aufidius
183 852 252 902 forti
263 850 397 900 miscebat
406 852 489 901 mella
499 852 630 915 Falerno,

33 922 196 973 Mendose:
212 920 342 987 quoniam
352 923 447 970 vacuis
458 924 630 974 committere
640 923 717 973 venis
815 919 848 972 25

35 990 100 1052 Nil,
112 990 169 1039 nisi
182 990 259 1050 lene,
269 988 361 1039 decet:
377 989 432 1039 leni
443 990 608 1055 praecordia
617 991 707 1042 mulso

36 1059 191 1111 Proiueris
203 1059 312 1109 melius.
334 1056 363 1108 Si
374 1058 446 1108 dura
454 1061 610 1111 morabitur
620 1060 711 1123 alru13
753 1102 756 1106 ,

37 1127 177 1190 Mitulus,
188 1133 217 1179 et
228 1127 296 1178 viles
325 1127 412 1178 ellent
422 1129 562 1179 obstantia
572 1129 707 1191 concbae;
743 1164 745 1171 ι

36 1196 77 1249 Et
89 1197 199 1262 lapatiri
208 1197 299 1248 brevis
307 1141 408 1258 Rerba,
420 1197 470 1247 sed
480 1199 546 1248 albo
557 1213 613 1247 non
622 1200 682 1246 sine
694 1199 759 1247 Coo.

37 1265 322 1329 Lubrica'nascentes
332 1266 449 1331 implent
459 1265 607 1332 conchylia
615 1264 725 1316 Lunaer
816 1264 848 1313 50

39 1334 101 1387 Sed
111 1350 167 1385 non
178 1349 259 1386 omne
270 1348 348 1386 mare
358 1341 401 1386 est
411 1349 564 1402 generosae
576 1333 669 1386 fertile
679 1337 778 1384 testae.

38 1404 154 1456 Murice
163 1404 270 1454 Baiano
281 1404 380 1455 melior
389 1403 512 1454 Lucrina
522 1405 638 1469 peloris:

41 1474 149 1523 Ostrea
161 1473 295 1531 Circaeis,
306 1472 416 1521 Miseno
426 1474 557 1521 oriuntur
567 1471 672 1533 echini3

38 1542 206 1594 Pectinibus
215 1541 319 1606 patulis
330 1542 418 1589 iactat
428 1556 459 1590 se
470 1540 556 1591 molle
566 1542 729 1592 Tarentum.

39 1611 103 1663 Nec
114 1611 165 1661 sibi
177 1623 308 1659 cenarum
320 1608 408 1675 quivis
418 1613 525 1661 temere
536 1610 655 1677 adroget
665 1616 764 1674 artem,
815 1605 847 1656 55

40 1681 107 1733 Non
117 1681 196 1744 prius
205 1681 304 1726 exacta
314 1679 392 1726 tenui
404 1679 512 1730 ratione
522 1695 661 1746 saporum.

42 1749 104 1801 Nee
114 1747 182 1798 satis
192 1748 236 1796 est
245 1759 312 1795 cara
321 1747 413 1810 pisces
424 1752 551 1800 avertere
562 1764 658 1801 mensa

45 1820 189 1885 ignarum,
200 1814 300 1882 quibus
310 1815 406 1878 estius
417 1818 520 1881 aptius3
536 1823 565 1869 et
578 1819 677 1885 quibus
688 1822 758 1870 assis
844 1863 847 1870 s

46 1885 208 1952 Languidus
218 1885 247 1933 in
259 1884 383 1935 cubitum
394 1885 450 1933 iarn
461 1900 491 1936 se
502 1889 617 1936 conviva
626 1894 750 1950 reponet.

47 1957 161 2017 Umber,
172 1960 200 2006 et
208 1953 296 2020 iligna
306 1954 429 2003 nutritus
439 1953 554 2020 glande,
563 1953 699 2004 rotundas
813 1955 847 2005 40

51 2027 151 2077 Currat
160 2037 226 2090 aper
235 2024 329 2075 lances
341 2037 453 2074 carnem
464 2024 578 2072 vitantis
589 2024 721 2073 inertem:

50 2092 248 2148 NamLaurens
260 2093 350 2143 maius
361 2097 412 2154 est,
423 2093 503 2153 uiris,
509 2097 539 2143 ot
544 2091 680 2143 arundine
686 2092 804 2156 pinguis.

51 2165 139 2216 Vinea
147 2163 284 2214 submittit
294 2175 409 2227 capreas
420 2175 475 2212 non
485 2177 595 2228 semper
606 2161 712 2212 edules.

52 2232 170 2286 Feonndi
180 2231 282 2296 leporis
292 2232 403 2296 sapiens
412 2233 565 2282 sectabitur
576 2245 677 2282 armos.

55 2302 181 2362 Piscibus,
191 2305 274 2366 atque
285 2300 381 2351 avibus
392 2300 586 2366 goesenstein,
596 2305 625 2351 et
636 2300 710 2351 foret
718 2302 806 2359 aetas,
814 2295 848 2348 45

56 2375 124 2424 Ante
133 2385 220 2420 meum
232 2369 301 2419 nulli
312 2370 403 2434 patuit
412 2372 543 2435 quaesita
551 2370 685 2435 palatum.

58 2440 136 2500 Sunt,
158 2451 275 2504 quorum
295 2440 437 2506 ingenium
456 2454 528 2489 nova
545 2444 655 2488 tantiam
679 2436 806 2488 crustula

462 2508 575 2574 promit.

60 2578 113 2634 Nec
121 2591 279 2646 quemquam
292 2580 360 2628 satis
372 2579 401 2627 in
412 2593 443 2629 re
454 2593 511 2628 una
520 2592 684 2629 consumere
694 2592 802 2629 curam:

61 2649 125 2700 Utsi
133 2650 190 2715 quis
199 2646 290 2697 solum
302 2646 368 2709 boc,
381 2648 457 2698 mala
467 2664 502 2701 ne
512 2650 568 2699 sint
578 2651 655 2711 vina,
665 2647 787 2710 iaboret3

62 2716 137 2783 Quali
146 2713 292 2785 perfundat
301 2715 391 2785 pisces
401 2732 515 2771 securus
526 2719 607 2771 olivo.
815 2717 848 2771 50
