2084 3075
358 157 509 215 LIBER
534 161 556 213 1.

238 299 652 424 nonnuli„

152 461 212 510 AD
236 459 501 511 MUNM'IUM
524 462 755 513 Puunfcuu.

73 646 136 699 Alii
146 642 219 695 olias
229 643 350 693 laudant
360 643 496 705 ciuitates,
506 653 535 693 et
543 645 685 716 regiones:
696 649 833 699 Horatius

69 709 833 780 verorelr'quisanteponitTibur,ubinutueeotPloncus,

142 796 221 848 quem
230 778 269 826 od
280 776 428 826 diluendas
437 779 501 827 vino
513 796 595 828 curas
607 780 773 831 cohortatur.

358 926 459 966 uErR.
478 928 556 967 vul.

74 991 259 1075 Laudabunt
270 1023 319 1073 alii
330 1022 434 1075 claram
445 1023 572 1087 Rhodon,
584 1030 633 1076 aut
643 1025 809 1091 Mitylenen,
880 1033 884 1042 ‘

111 1095 166 1145 Aut
174 1092 322 1157 Ephesum,
331 1092 481 1145 bimarisve
492 1093 620 1145 Corinthi

73 1163 199 1223 Moenia,
213 1162 258 1212 vel
266 1160 376 1213 Baccho
388 1162 507 1224 Thebas,
518 1164 564 1214 vel
573 1163 701 1229 Ap'ollinc
710 1161 836 1229 Delphos

110 1233 244 1297 insignes,
254 1235 303 1281 aut
314 1230 450 1281 Thessala
460 1233 574 1298 Tempe.

74 1299 161 1364 Sunt,
182 1300 280 1365 quibus
300 1315 386 1350 unum
409 1306 553 1366 opus'est,
572 1303 695 1353 intactae
711 1299 859 1351 Palladis5

491 1370 589 1421 urbem

113 1436 241 1490 Carmine
251 1442 387 1502 perpetuo
399 1438 549 1498 celebrare,
560 1442 589 1487 et

74 1509 205 1575 Undique
217 1507 378 1568 decerptam
388 1504 475 1554 fronti
485 1518 658 1569 praeponere
669 1505 777 1557 olivam.

109 1579 264 1634 Plurimus,
274 1575 303 1621 in
314 1572 426 1623 lunonis
438 1571 580 1635 honorem,

76 1651 178 1716 Aptum
189 1643 256 1693 dicit
267 1643 345 1708 cquis
356 1641 451 1708 Argos,
462 1642 588 1709 ditesque
597 1642 739 1709 Mycenas.

111 1717 160 1769 Me
171 1728 223 1767 nec
231 1718 290 1763 tam
300 1713 407 1778 patiens
417 1711 620 1775 Lacedaemon,
848 1738 880 1772 10

76 1786 202 1838 Noctem
211 1782 341 1833 Larissae
371 1784 489 1833 ercussit
499 1798 613 1848 campus
623 1785 739 1850 opimae,

113 1855 203 1914 Quam
214 1852 313 1903 domus
323 1797 464 1904 Alisuncae
475 1853 642 1912 resonantis,

75 1925 114 1981 Et
122 1937 253 1989 praeceps
263 1921 341 1981 Anio,
353 1925 382 1970 et
391 1922 508 1970 Tiburni
518 1920 607 1980 lucus,
616 1925 645 1969 et
655 1919 712 1970 uda

112 1989 262 2042 Mobilibus
272 1992 398 2056 pomaria
410 1990 484 2040 rivis.

77 2060 163 2112 Albus
174 2064 206 2108 ut
214 2061 332 2111 obscuro
343 2058 470 2125 deterget
480 2057 575 2108 nubila
586 2057 669 2109 Caelo
848 2059 879 2110 15

114 2129 202 2194 Saepe
211 2128 313 2190 Notus3
329 2142 417 2194 neque
427 2129 550 2192 parturit
558 2126 661 2178 imbres

77 2200 245 2263 Perpetuos:
260 2198 300 2248 sic
309 2202 340 2246 tu
350 2198 459 2262 sapiens
469 2198 550 2247 linire
559 2201 698 2248 memento

114 2269 281 2329 Tristitiam,
289 2268 418 2331 vitaeque
427 2264 538 2317 labores

79 2336 171 2398 Molli,
181 2335 291 2397 Plance,
302 2350 393 2398 mer03
410 2350 459 2385 seu
468 2338 496 2385 te
507 2334 644 2402 fulgentia
654 2335 740 2402 signis

116 2407 216 2458 Castra
224 2411 328 2468 tenent,
340 2420 388 2456 seu
399 2405 485 2455 densa
494 2404 601 2456 tenebit
847 2426 880 2459 20
936 2424 939 2429 ·

79 2477 194 2529 Tiburis
204 2477 303 2525 umbra
311 2477 362 2525 tui.
383 2476 491 2525 Teucer
501 2473 651 2536 Salamina,
659 2480 822 2539 patremque

13 2543 18 2617 l
115 2547 209 2607 Quum
219 2545 337 2612 fugeret,
348 2550 441 2595 tamen
451 2543 507 2595 uda
516 2544 613 2611 Lyaeo

13 2628 14 2641 ¹
79 2616 222 2681 Tempora
231 2614 352 2681 populea
362 2613 452 2665 fertur
461 2615 581 2664 vinxisse
591 2625 703 2671 corona,

13 2684 14 2687 ’
115 2683 162 2736 Sic
171 2685 267 2749 tristes
277 2681 380 2735 affatus
390 2684 506 2733 amium:
