2084 3075
312 145 461 198 LlBER
488 148 508 198 1.
537 147 562 198 6.
766 150 816 203 177

24 249 186 313 Nuncad
194 264 238 304 me
249 248 334 303 redeo
344 249 474 302 libertino
486 255 567 316 patre
576 253 686 304 natume
825 263 858 316 45
905 216 909 224 Ι

25 323 141 385 Quem
153 322 261 373 rodunt
272 336 368 372 ornnes
377 321 508 372 libertino
518 324 598 386 patre
608 327 718 385 natum3

25 391 138 453 Nunc,
151 393 222 458 quia
231 394 283 442 sim
293 390 353 451 tibi,
364 391 523 452 Maecenas,
534 391 689 455 convictor3
700 394 730 441 at
740 389 816 454 olim,

27 461 131 523 Quod
143 460 214 510 mihi
225 465 339 526 pareret
347 459 421 527 legio
431 459 557 510 Romana
567 459 688 510 tribuno.

29 529 200 581 Dissimile
211 529 263 581 hoc
273 530 314 579 illi
326 534 380 579 est:
395 530 461 594 quia
472 543 535 590 non,
546 533 578 577 ut
589 526 671 579 forsit
681 527 815 581 honorem

30 600 110 651 lure
123 597 197 649 milri
207 600 331 649 inrideat
342 599 444 664 quivis,
455 600 532 648 itate
544 612 654 665 quoque
667 600 799 661 amicum3
826 605 858 657 50

31 668 225 720 Praesertim
236 671 348 718 cautum
361 667 458 732 dignos
470 667 632 729 adsumere,
642 682 729 734 prava

33 739 213 790 Ambitione
224 735 331 802 procul.
353 734 476 785 Felicem
488 736 581 787 dicere
591 751 646 787 non
657 735 710 787 hoc

34 797 93 859 Me
105 808 232 873 possim,
244 820 310 855 casu
321 803 395 870 quod
406 809 434 854 te
445 806 561 855 sortitus
571 807 699 857 amicum.

36 876 138 928 Nulla
149 876 254 926 etenim
265 871 331 923 mihi
342 879 370 925 te
382 873 453 923 Fors
464 875 579 925 obtulit:
595 878 714 942 optimus
724 875 791 928 olim

37 944 202 1013 Virgilius,
213 948 277 1010 post
286 941 357 994 hunc
367 942 481 1006 Varius,
493 945 589 996 dixere
599 946 666 1012 quid
676 961 774 998 essem.
825 947 858 1001 55

39 1015 86 1066 Ut
95 1016 162 1066 reni
176 1028 284 1075 coram,
295 1013 439 1080 singultim
451 1028 541 1079 pauca
551 1012 697 1083 loquutus3

43 1084 167 1147 (lufaus
179 1099 298 1151 namque
309 1083 398 1149 pudor
408 1082 573 1148 prohibebat
583 1084 665 1151 plura
674 1084 797 1151 profari)

42 1152 113 1205 Non
126 1169 179 1220 ego
190 1169 234 1206 me
246 1154 323 1204 claro
335 1158 431 1203 natum
442 1158 536 1218 patre3
553 1168 609 1204 non
620 1170 671 1222 ego
683 1156 789 1207 circum

43 1223 100 1274 Me
111 1221 280 1275 Satureiano
290 1225 396 1274 vectari
407 1237 475 1273 rura
485 1222 607 1275 caballo:

46 1290 117 1354 Sed,
129 1293 204 1360 quod
214 1307 398 1354 eram,narro.
412 1291 582 1359 Respondes,
588 1296 690 1343 uttuus
696 1297 815 1355 estmoe,
825 1296 858 1345 60

47 1360 158 1413 Pauca:
169 1362 253 1425 abeo,
263 1367 292 1412 et
303 1378 415 1413 revocas
424 1369 567 1428 nonopost
572 1378 675 1424 mense,
681 1363 815 1428 iubesque

47 1431 123 1482 Esse
134 1432 161 1482 in
174 1434 326 1482 amicorum
337 1447 461 1481 numero.
476 1430 727 1497 Magnumlroeego
734 1430 815 1493 duco,

50 1500 137 1563 Quod
147 1500 239 1568 placui
250 1500 314 1561 tibi,
325 1501 372 1565 qui
384 1502 459 1566 turpi
469 1502 594 1550 secernis
605 1498 751 1552 honestum

50 1570 117 1623 Nou
127 1576 206 1637 patre
217 1568 376 1636 praeclaro,
388 1568 438 1619 sed
448 1570 516 1631 rita,
532 1574 561 1621 et
570 1575 683 1636 pectore
694 1585 773 1638 puro.

54 1641 137 1706 Atqui
151 1642 174 1689 si
182 1641 257 1688 vitiis
268 1637 454 1688 mediocribus
465 1653 498 1688 ac
508 1654 572 1689 mea
581 1642 676 1705 paucis
823 1642 856 1694 65
952 1658 962 1669 ι

54 1707 193 1762 Mendosa
203 1713 246 1759 est
256 1712 368 1768 natura,
378 1705 483 1773 alioqui
493 1713 583 1771 recta3
600 1709 692 1771 (velut
702 1712 727 1761 si

55 1780 175 1846 Egregio
184 1779 324 1844 inspersos
334 1773 521 1842 reprehendas
533 1792 649 1844 corpore
659 1783 777 1841 naevos)

58 1847 89 1900 Si
98 1864 185 1915 neque
196 1849 350 1909 avaritiam,
360 1861 452 1911 neque
461 1846 566 1909 sordes,
579 1851 627 1897 aut
638 1850 713 1898 mala
723 1850 815 1898 lustra

59 1919 175 1970 Obiiciet
183 1932 248 1969 rere
259 1918 404 1984 quisquam
416 1913 496 1965 milri:
511 1930 613 1981 purus,
623 1920 651 1966 et
661 1918 765 1979 insons,

61 1989 113 2047 (Ut
122 2003 162 2038 me
173 1986 344 2048 collaudem)
359 1988 382 2037 si
394 1990 423 2037 et
432 1988 494 2036 rivo
505 1999 587 2035 carus
598 1987 705 2036 amicis:
825 2003 857 2053 70

63 2059 163 2108 Caussa
173 2055 225 2107 fuit
235 2061 315 2123 pater
325 2056 381 2120 his;
397 2057 444 2123 qui
455 2069 550 2108 macro
561 2069 667 2121 pauper
677 2056 769 2124 agello
854 2132 856 2135 v
873 2120 877 2127 v
937 2076 941 2085 x

61 2126 155 2180 Noluit
162 2128 189 2177 in
201 2126 280 2177 Flavi
291 2126 387 2177 ludum
398 2141 443 2177 me
454 2127 566 2176 mittere
572 2161 580 2188 ,
592 2127 687 2194 magni

65 2199 124 2260 Quo
133 2198 208 2263 pueri
219 2198 324 2264 magnis
336 2213 352 2247 e
362 2196 573 2248 centurionibus
585 2197 648 2258 orti,

65 2266 151 2318 Laevo
161 2268 285 2332 suspensi
295 2265 415 2326 loculos,
426 2265 607 2331 tabulamque
618 2266 735 2328 lacerto,

65 2337 140 2388 ibant
149 2337 254 2387 octonis
264 2335 419 2387 referentes
431 2334 525 2385 ldibus
537 2348 617 2397 aera,
826 2332 857 2400 75

68 2405 120 2457 Sed
128 2419 237 2472 puerum
249 2410 292 2455 est
302 2419 386 2455 ausus
395 2403 511 2453 Romam
521 2407 649 2468 portare,
660 2402 815 2453 docendum
850 2403 856 2412 ¹

69 2477 155 2537 Artes,
163 2489 231 2542 quas
242 2474 341 2525 doceat
351 2474 439 2540 quiris
450 2487 549 2539 eques,
561 2476 644 2538 atque
655 2476 769 2523 senator

71 2543 156 2596 Semet
163 2547 325 2611 prognatos:
339 2547 459 2602 vestem,
471 2554 622 2606 servosque
632 2545 782 2607 sequentes

70 2616 101 2668 ln
109 2627 200 2680 magno
210 2619 243 2662 ut
252 2611 355 2678 populo
365 2613 389 2662 si
399 2611 461 2678 quis
470 2609 599 2671 vidisset,
611 2611 685 2659 avita

72 2684 146 2736 Exre
155 2682 279 2749 praeberi
289 2685 415 2747 sumptus
425 2675 494 2731 mihi
505 2676 634 2798 crederpp
643 2679 715 2730 illos.
827 2671 860 2723 80

1032 2602 1034 2673 l
