2084 3075
211 163 245 216 so
463 164 719 240 cueuruuu

277 265 371 326 vquern
382 266 405 315 si
418 265 575 332 puellarum
586 269 726 319 insereres
736 267 832 331 choro,

280 335 354 385 Mire
365 348 479 401 sagaces
491 333 604 386 falleret
614 334 737 401 hospites

314 402 474 456 Diserinren
485 405 644 467 obscurum,
654 405 755 456 solutis

352 472 480 523 crinibus
490 471 674 540 ambiguoque
683 474 773 526 vultu.

211 618 1042 681 mmmoumoouooootuoeoooeoooooom]

447 743 611 818 ODE
666 745 738 817 VI.

334 867 408 917 AD
448 868 849 927 SEPTIMIUM.

215 1026 300 1094 Optat
310 1022 410 1076 habere
421 1044 488 1078 suae
499 1031 650 1079 senectutis
661 1030 754 1080 sedem
768 1030 860 1093 Tibur,
874 1042 905 1082 st
919 1038 980 1086 Ta-

313 1101 428 1155 rentum,
439 1112 554 1162 quorum
563 1095 665 1147 laudat
676 1099 878 1150 amoenitatem.

487 1192 590 1265 tinuit.
608 1228 694 1268 xvu.

265 1277 402 1377 Septimi,
417 1312 511 1366 Gades
522 1316 634 1369 aditure
644 1332 762 1382 meeum,
773 1323 803 1372 et

265 1380 435 1433 Cantabrum
446 1384 589 1436 indoctum
600 1387 666 1453 iuga
677 1387 752 1440 serre
762 1392 866 1454 nostra,
877 1394 909 1441 et

263 1449 404 1504 Barbaros
415 1450 524 1518 Syrtes,
536 1455 582 1507 ubi
593 1454 696 1507 Maura
706 1472 816 1525 semper

334 1522 451 1574 Aestuat
460 1524 550 1589 unda3

265 1609 362 1671 Tibur,
373 1610 463 1676 Argeo
473 1613 595 1676 positum
607 1612 716 1675 colono,

265 1675 307 1727 Sit
316 1693 395 1729 meae
407 1679 487 1729 sedes
498 1683 607 1730 utinam
617 1688 761 1747 senectae3

264 1742 307 1794 Sit
316 1745 415 1794 modus
427 1747 502 1798 lasso
513 1751 609 1810 maris,
620 1755 649 1800 et
658 1752 775 1816 viarum,

330 1812 518 1881 Militiaeque.

231 1928 238 1943 t
264 1898 342 1961 Unde
354 1901 377 1950 si
386 1899 493 1953 Pareae
504 1900 654 1970 prohibent
663 1906 786 1974 iniquae,

264 1967 355 2020 Dulce
366 1970 470 2036 pellitis
482 1973 579 2024 ovibus
590 1972 704 2026 Galaesi

265 2035 394 2102 Flumen,
405 2045 434 2092 et
443 2047 562 2110 regnata
571 2046 664 2109 petam
674 2043 781 2097 Laconi

335 2107 412 2160 Rura
420 2108 569 2163 Phalanto.

266 2191 318 2243 llle
329 2197 469 2247 terrarum
480 2195 547 2248 mihi
558 2205 672 2264 praeter
681 2214 778 2253 omnes

265 2262 389 2329 Angelus
399 2266 485 2320 ridet:
501 2267 548 2318 ubi
560 2283 614 2318 non
625 2270 762 2334 Hymetto

266 2330 354 2383 Mella
365 2332 511 2399 decedunt,
521 2338 660 2404 viridique
671 2344 762 2390 certat

336 2400 428 2453 Bacca
436 2403 572 2457 Venafro:

215 2453 218 2459 ι
266 2483 324 2534 Ver
334 2482 380 2533 ubi
391 2484 514 2552 longum,
525 2491 689 2558 tepidasque
701 2495 817 2558 praebet

232 2552 234 2556 ’
265 2552 370 2616 iupiter
380 2552 501 2618 brumas,
512 2565 541 2609 et
552 2562 657 2611 amieos
666 2562 766 2624 Aulon,

265 2618 380 2671 Fertilis
391 2621 511 2687 Baccho,
522 2629 666 2679 minimum
677 2630 807 2683 Falernis

170 2704 203 2737 20
335 2688 444 2742 Invidet
454 2696 521 2745 uris.
722 2692 727 2699 ’
