2084 3075
315 134 465 190 uinus
491 136 531 188 u.
598 106 603 110 ’

275 287 414 363 ODE
447 288 597 364 ms

149 418 750 478 ADPOSTUMUM··

182 586 248 639 Vita
258 581 356 648 brevis,
369 596 397 636 et
407 590 476 638 mori
486 607 597 644 necesse
608 604 658 645 est.

325 725 427 766 ΗΠΒ.
445 728 515 768 XVI·

81 781 258 875 Hemheul
275 812 397 881 fugaces,
406 813 548 880 Postume,
558 817 703 886 Postume,

81 880 235 933 Labuntur
246 883 324 946 onni3
340 899 391 935 nec
402 886 492 951 pietas
502 902 611 939 moram
687 922 689 924 »

121 949 216 1018 Rugis‚
227 955 256 1002 et
264 953 379 1004 instanti
389 960 519 1008 senectae

157 1018 270 1084 Afferet,
280 1022 487 1092 indomitaeque
497 1028 590 1077 morti.

79 1137 157 1201 Non,
167 1139 191 1189 si
201 1144 329 1205 trecenis,
339 1149 476 1212 quotquot
486 1151 555 1197 eunt
565 1146 632 1212 dies,
805 1159 831 1218 5ι

78 1209 188 1270 Amice,
198 1210 291 1275 places
302 1212 536 1279 illacrymabilem

119 1276 241 1330 Plutona
250 1284 352 1344 terrris3
368 1283 415 1349 qui
427 1287 471 1334 ter
480 1283 605 1350 amplum

155 1344 313 1414 Geryonen,
324 1352 484 1419 Tityonque
493 1354 569 1403 tristi

78 1465 243 1531 Compescit
252 1467 336 1527 unda,
346 1468 455 1517 scilicet
466 1470 603 1532 omnibus,

76 1533 259 1601 Quicumque
270 1539 364 1585 terrae
375 1549 492 1587 munere
501 1540 649 1605 vescimur,
808 1571 838 1608 10

116 1602 314 1668 mammarum
330 1604 388 1655 sive
398 1619 488 1672 reges,

108 1682 118 1694 ‘
153 1668 218 1722 Sive
228 1672 324 1738 inopes
334 1674 438 1724 erimus
449 1673 550 1728 coloni.

78 1790 202 1844 Frustra
212 1797 329 1844 cruento
338 1792 432 1847 Marte
441 1798 607 1864 carebimus,

77 1859 248 1929 Fructisque
256 1865 333 1914 rauci
345 1863 477 1916 fluctibus
487 1868 629 1933 Hadriae3

116 1928 234 1982 Frustra
245 1945 294 1997 per
306 1939 454 1984 autumnos
464 1941 610 1988 nocentem
803 1949 834 2000 15

153 2000 320 2067 Corporibus
331 2007 488 2055 metuemus
497 2005 641 2059 Austrum

79 2116 219 2170 visendus
230 2125 291 2172 ater
301 2120 415 2176 flumine
428 2123 560 2193 languido

81 2188 204 2253 Cocytus
216 2205 322 2252 errans,
335 2196 364 2241 et
373 2192 465 2244 Danai
476 2211 565 2261 genus

116 2256 231 2321 infame,
244 2259 445 2328 damnatusque
457 2263 535 2331 longi

152 2323 287 2394 Sisyphus
297 2329 426 2381 Aeolides
435 2330 549 2383 laboris.

80 2443 247 2513 linquenda
256 2448 351 2511 tellus,
362 2453 392 2502 et
402 2450 509 2516 domus,
521 2460 551 2506 et
560 2453 673 2521 placens

79 2513 170 2578 Uxor3
186 2531 275 2584 neque
286 2516 394 2581 harum,
405 2535 474 2588 ques
484 2523 561 2586 colis,
572 2526 703 2577 arborum

116 2584 168 2646 Te,
178 2589 289 2650 praeter
300 2588 401 2639 inrisas
413 2605 567 2656 cupressos,

152 2652 216 2703 Ulla
225 2653 337 2708 brevem
348 2657 490 2710 dominum
501 2664 643 2729 sequetur.
685 2718 688 2723 ⁴
