2084 3075
335 209 483 264 LIBER
509 212 564 266 111.

69 314 195 381 Fruges,
206 317 235 365 et
246 315 374 367 Cererem
386 316 489 379 ferunt,

105 382 165 433 Nec
175 383 283 434 cultura
293 385 384 449 placet
395 381 505 452 longior
515 398 620 448 annua3

68 450 298 519 Defunctumque
309 454 450 505 laboribus

106 519 222 586 Aequali
233 525 342 571 recreat
351 527 427 573 sorte
435 524 563 573 vicarius.

67 587 132 639 lllic
141 593 229 639 matre
240 592 398 640 carentibus

104 655 243 722 Privignis
255 657 354 708 mulier
363 662 502 723 temperat
510 659 656 711 innocens:

67 723 128 776 Nec
139 726 235 775 dotata
245 728 317 792 regit
327 729 416 776 viram

107 795 228 855 Coniux,
240 809 290 844 nec
302 796 389 844 nitido
401 795 463 844 fidit
473 794 610 847 adultero.

69 864 130 913 Dos
142 868 185 913 est
195 878 293 929 magna
305 866 463 928 parentium

106 931 216 992 Virtus,
228 937 256 982 et
268 939 392 984 metuens
406 933 522 984 alterius
532 936 585 984 viri

70 1001 156 1051 Certo
167 1000 279 1052 foedere
290 1006 417 1066 eastitas3

104 1069 143 1119 Et
152 1084 266 1135 peccare
276 1072 368 1134 nefas,
379 1076 428 1122 aut
437 1073 559 1137 pretium
571 1078 613 1123 est
622 1073 702 1124 mori.

68 1138 94 1188 0
104 1140 228 1205 quisquis
238 1142 312 1191 volet
322 1144 420 1207 impias

106 1208 211 1258 Caedes
216 1245 224 1270 ,
235 1214 264 1259 ct
273 1212 378 1261 rabiem
389 1211 490 1263 tollere
501 1214 629 1275 civicam3

67 1274 99 1326 Si
110 1282 239 1342 quaeret,
250 1277 335 1330 Pater
345 1280 455 1331 urbium

104 1343 244 1397 Subscribi
255 1350 544 1410 statuis,'indomitam
557 1349 659 1399 audeat

63 1413 220 1465 Refrenare
230 1416 380 1476 licentiam,

103 1482 203 1532 Clarus
213 1485 391 1548 postgenita,
408 1490 559 1548 quatenus,
569 1483 625 1533 heu
637 1483 727 1534 nefas!

64 1551 206 1603 Virtutem
217 1550 375 1600 incolumen
387 1552 504 1612 odimus,

102 1620 249 1672 Sublatam
261 1632 296 1669 ex
306 1618 394 1668 oculis
404 1621 565 1684 quaerimus
574 1620 667 1673 invitll.
723 1619 727 1625 ’

65 1689 142 1751 Quid
153 1689 249 1737 tristes
260 1689 459 1754 querimoniae,
727 1697 729 1700 '

100 1758 132 1809 Si
143 1772 199 1807 non
210 1756 346 1823 supplicio
358 1759 439 1824 culpa
449 1757 601 1810 reciditurt

65 1826 141 1887 Quid
153 1825 243 1893 leges,
254 1829 313 1877 sine
325 1828 448 1879 moribus

101 1894 211 1956 Vanae,
221 1895 387 1961 proliciuntl
402 1899 427 1946 si
439 1912 528 1963 nequa
540 1896 654 1947 fervidis
670 1917 672 1921 ·

64 1964 138 2015 Pars
149 1964 255 2015 inclusa
266 1965 406 2017 caloribus
486 1994 489 2003 ·

101 2033 210 2096 Mundi,
221 2050 272 2086 nec
282 2034 393 2086 Boreae
403 2035 552 2085 finitimum
564 2034 647 2097 latus,

64 2104 247 2169 Durataeque
258 2104 318 2154 solo
329 2106 405 2155 nives

101 2172 289 2223 Mercatorem
300 2171 432 2240 abiguntl
447 2172 562 2225 horrida
574 2173 668 2227 callidi

64 2240 188 2292 Vincunt
198 2256 320 2308 aequora
331 2241 457 2294 navitae?

101 2310 234 2377 Magnum
245 2314 391 2376 pauperies
403 2314 594 2377 opprobrium,
604 2314 683 2365 iubet

65 2379 183 2440 Quidvis
193 2386 222 2430 et
233 2379 338 2442 iacere,
350 2387 379 2431 et
388 2383 456 2450 pati,
576 2440 582 2448 Δ

100 2447 273 2515 virtutisque
284 2451 355 2499 siam
368 2450 473 2502 deserit
483 2450 604 2502 arduaes

64 2515 118 2568 Vel
129 2532 179 2566 nos
190 2519 219 2567 in
231 2518 405 2583 Capitolium,

100 2586 164 2646 Quo
175 2586 279 2636 clamer
290 2593 383 2649 vocat,
395 2594 423 2640 et
432 2589 516 2639 turba
526 2587 691 2653 faventium

63 2653 118 2706 Vel
130 2670 180 2705 nos
190 2658 219 2705 in
230 2672 306 2708 mare
317 2660 473 2722 proximum

102 2723 246 2788 Gemmas,
257 2731 286 2777 et
295 2725 415 2792 lapides,
427 2740 525 2778 aurum
537 2734 566 2778 et
575 2726 682 2787 inutile,
