<?xml version="1.0" encoding="UTF-8"?>
<!DOCTYPE html PUBLIC "-//W3C//DTD XHTML 1.0 Transitional//EN"
    "http://www.w3.org/TR/xhtml1/DTD/xhtml1-transitional.dtd">
<html xmlns="http://www.w3.org/1999/xhtml" xml:lang="en" lang="en">
 <head>
  <title>
</title>
<meta http-equiv="Content-Type" content="text/html;charset=utf-8" />
  <meta name='ocr-system' content='tesseract 3.04.00' />
  <meta name='ocr-capabilities' content='ocr_page ocr_carea ocr_par ocr_line ocrx_word'/>
</head>
<body>
  <div class='ocr_page' id='page_1' title='image "./opera05horagoog_0223.png"; bbox 0 0 2084 3075; ppageno 0'>
   <div class='ocr_carea' id='block_1_1' title="bbox 309 189 817 249">
    <p class='ocr_par' dir='ltr' id='par_1_1' title="bbox 309 189 817 249">
     <span class='ocr_line' id='line_1_1' title="bbox 309 189 817 249; baseline 0.016 -8"><span class='ocrx_word' id='word_1_1' title='bbox 309 189 454 245; x_wconf 80' lang='lat' dir='ltr'>LIBER</span> <span class='ocrx_word' id='word_1_2' title='bbox 481 193 518 243; x_wconf 90' lang='lat' dir='ltr'>ll.</span> <span class='ocrx_word' id='word_1_3' title='bbox 547 192 571 244; x_wconf 87' lang='grc'>3.</span> <span class='ocrx_word' id='word_1_4' title='bbox 764 197 817 249; x_wconf 77' lang='grc'>203</span> 
     </span>
    </p>
   </div>
   <div class='ocr_carea' id='block_1_2' title="bbox 44 293 913 2779">
    <p class='ocr_par' dir='ltr' id='par_1_2' title="bbox 44 293 818 353">
     <span class='ocr_line' id='line_1_2' title="bbox 44 293 818 353; baseline 0.004 -7"><span class='ocrx_word' id='word_1_5' title='bbox 44 293 192 353; x_wconf 73' lang='lat' dir='ltr'><strong>Destinet</strong></span> <span class='ocrx_word' id='word_1_6' title='bbox 200 306 328 346; x_wconf 79' lang='lat' dir='ltr'>uxorem:</span> <span class='ocrx_word' id='word_1_7' title='bbox 338 294 488 352; x_wconf 83' lang='lat' dir='ltr'>interdicto</span> <span class='ocrx_word' id='word_1_8' title='bbox 499 293 565 345; x_wconf 87' lang='lat' dir='ltr'>huic</span> <span class='ocrx_word' id='word_1_9' title='bbox 576 310 656 347; x_wconf 86' lang='lat' dir='ltr'>omne</span> <span class='ocrx_word' id='word_1_10' title='bbox 664 294 818 349; x_wconf 80' lang='lat' dir='ltr'>adimatius</span> 
     </span>
    </p>

    <p class='ocr_par' dir='ltr' id='par_1_3' title="bbox 44 363 752 431">
     <span class='ocr_line' id='line_1_3' title="bbox 44 363 752 431; baseline 0.001 -17"><span class='ocrx_word' id='word_1_11' title='bbox 44 363 191 426; x_wconf 82' lang='lat' dir='ltr'>Praetor3</span> <span class='ocrx_word' id='word_1_12' title='bbox 208 367 237 414; x_wconf 91' lang='lat' dir='ltr'>et</span> <span class='ocrx_word' id='word_1_13' title='bbox 245 363 280 414; x_wconf 90' lang='lat' dir='ltr'>ad</span> <span class='ocrx_word' id='word_1_14' title='bbox 290 378 371 414; x_wconf 79' lang='lat' dir='ltr'>sanos</span> <span class='ocrx_word' id='word_1_15' title='bbox 381 366 464 415; x_wconf 88' lang='lat' dir='ltr'>abeat</span> <span class='ocrx_word' id='word_1_16' title='bbox 473 364 562 415; x_wconf 89' lang='lat' dir='ltr'>tutela</span> <span class='ocrx_word' id='word_1_17' title='bbox 573 367 752 431; x_wconf 81' lang='lat' dir='ltr'>propinquos.</span> 
     </span>
    </p>

    <p class='ocr_par' dir='ltr' id='par_1_4' title="bbox 46 431 752 500">
     <span class='ocr_line' id='line_1_4' title="bbox 46 431 752 500; baseline 0.006 -19"><span class='ocrx_word' id='word_1_18' title='bbox 46 431 152 493; x_wconf 64' lang='lat' dir='ltr'>Quid?</span> <span class='ocrx_word' id='word_1_19' title='bbox 165 433 189 481; x_wconf 85' lang='lat' dir='ltr'>si</span> <span class='ocrx_word' id='word_1_20' title='bbox 201 434 262 499; x_wconf 82' lang='lat' dir='ltr'>quia</span> <span class='ocrx_word' id='word_1_21' title='bbox 272 437 384 498; x_wconf 82' lang='lat' dir='ltr'>gnatam</span> <span class='ocrx_word' id='word_1_22' title='bbox 395 447 445 499; x_wconf 93' lang='lat' dir='ltr'>pro</span> <span class='ocrx_word' id='word_1_23' title='bbox 457 437 535 482; x_wconf 89' lang='lat' dir='ltr'>muta</span> <span class='ocrx_word' id='word_1_24' title='bbox 546 432 662 483; x_wconf 82' lang='lat' dir='ltr'>devovet</span> <span class='ocrx_word' id='word_1_25' title='bbox 671 448 752 500; x_wconf 79' lang='lat' dir='ltr'>agna,</span> 
     </span>
    </p>

    <p class='ocr_par' dir='ltr' id='par_1_5' title="bbox 46 499 878 568">
     <span class='ocr_line' id='line_1_5' title="bbox 46 499 878 568; baseline 0.006 -17"><span class='ocrx_word' id='word_1_26' title='bbox 46 502 170 567; x_wconf 86' lang='lat' dir='ltr'>lnteger</span> <span class='ocrx_word' id='word_1_27' title='bbox 181 507 224 552; x_wconf 86' lang='lat' dir='ltr'>est</span> <span class='ocrx_word' id='word_1_28' title='bbox 235 499 337 552; x_wconf 74' lang='lat' dir='ltr'>enimii</span> <span class='ocrx_word' id='word_1_29' title='bbox 351 516 386 551; x_wconf 92' lang='lat' dir='ltr'>ne</span> <span class='ocrx_word' id='word_1_30' title='bbox 398 501 510 552; x_wconf 77' lang='lat' dir='ltr'>dixeris.</span> <span class='ocrx_word' id='word_1_31' title='bbox 532 502 607 568; x_wconf 85' lang='lat' dir='ltr'>Ergo</span> <span class='ocrx_word' id='word_1_32' title='bbox 618 502 665 552; x_wconf 89' lang='lat' dir='ltr'>ubi</span> <span class='ocrx_word' id='word_1_33' title='bbox 677 517 761 566; x_wconf 86' lang='lat' dir='ltr'>prava</span> <span class='ocrx_word' id='word_1_34' title='bbox 828 519 878 556; x_wconf 79' lang='lat'>220</span> 
     </span>
    </p>

    <p class='ocr_par' dir='ltr' id='par_1_6' title="bbox 47 567 830 636">
     <span class='ocr_line' id='line_1_6' title="bbox 47 567 830 636; baseline 0.004 -18"><span class='ocrx_word' id='word_1_35' title='bbox 47 567 199 630; x_wconf 84' lang='lat' dir='ltr'>Stultitia,</span> <span class='ocrx_word' id='word_1_36' title='bbox 210 567 255 620; x_wconf 90' lang='lat' dir='ltr'>hic</span> <span class='ocrx_word' id='word_1_37' title='bbox 266 584 375 619; x_wconf 82' lang='lat' dir='ltr'>summa</span> <span class='ocrx_word' id='word_1_38' title='bbox 385 575 428 620; x_wconf 90' lang='lat' dir='ltr'>est</span> <span class='ocrx_word' id='word_1_39' title='bbox 438 571 561 619; x_wconf 82' lang='lat' dir='ltr'>insania:</span> <span class='ocrx_word' id='word_1_40' title='bbox 577 573 624 636; x_wconf 90' lang='lat' dir='ltr'>qui</span> <span class='ocrx_word' id='word_1_41' title='bbox 635 570 797 633; x_wconf 81' lang='lat' dir='ltr'>sceleratus,</span> <span class='ocrx_word' id='word_1_42' title='bbox 824 597 830 613; x_wconf 87' lang='lat'><strong>·</strong></span> 
     </span>
    </p>

    <p class='ocr_par' dir='ltr' id='par_1_7' title="bbox 46 636 786 705">
     <span class='ocr_line' id='line_1_7' title="bbox 46 636 786 705; baseline 0 -17"><span class='ocrx_word' id='word_1_43' title='bbox 46 639 88 689; x_wconf 85' lang='lat' dir='ltr'>Et</span> <span class='ocrx_word' id='word_1_44' title='bbox 99 636 227 688; x_wconf 83' lang='lat' dir='ltr'>furiosus</span> <span class='ocrx_word' id='word_1_45' title='bbox 240 638 306 687; x_wconf 88' lang='lat' dir='ltr'>erit:</span> <span class='ocrx_word' id='word_1_46' title='bbox 321 653 402 705; x_wconf 89' lang='lat' dir='ltr'>quem</span> <span class='ocrx_word' id='word_1_47' title='bbox 412 639 485 704; x_wconf 89' lang='lat' dir='ltr'>cepit</span> <span class='ocrx_word' id='word_1_48' title='bbox 495 641 584 688; x_wconf 86' lang='lat' dir='ltr'>vitrea</span> <span class='ocrx_word' id='word_1_49' title='bbox 595 637 683 702; x_wconf 83' lang='lat' dir='ltr'>fama3</span> <span class='ocrx_word' id='word_1_50' title='bbox 777 681 786 688; x_wconf 90' lang='lat'><em>.</em></span> 
     </span>
    </p>

    <p class='ocr_par' dir='ltr' id='par_1_8' title="bbox 48 706 756 772">
     <span class='ocr_line' id='line_1_8' title="bbox 48 706 756 772; baseline 0.003 -15"><span class='ocrx_word' id='word_1_51' title='bbox 48 707 140 758; x_wconf 85' lang='lat' dir='ltr'>Hunc</span> <span class='ocrx_word' id='word_1_52' title='bbox 152 708 352 758; x_wconf 79' lang='lat' dir='ltr'>circumtonuit</span> <span class='ocrx_word' id='word_1_53' title='bbox 361 706 485 772; x_wconf 83' lang='lat' dir='ltr'>gaudens</span> <span class='ocrx_word' id='word_1_54' title='bbox 496 707 615 757; x_wconf 78' lang='lat' dir='ltr'>Bellona</span> <span class='ocrx_word' id='word_1_55' title='bbox 625 709 756 759; x_wconf 81' lang='lat' dir='ltr'>cruentis.</span> 
     </span>
    </p>

    <p class='ocr_par' dir='ltr' id='par_1_9' title="bbox 46 773 783 896">
     <span class='ocr_line' id='line_1_9' title="bbox 46 773 783 844; baseline 0.004 -18"><span class='ocrx_word' id='word_1_56' title='bbox 46 773 135 827; x_wconf 91' lang='lat' dir='ltr'>Nunc</span> <span class='ocrx_word' id='word_1_57' title='bbox 158 789 224 843; x_wconf 80' lang='lat' dir='ltr'>age;</span> <span class='ocrx_word' id='word_1_58' title='bbox 247 774 413 836; x_wconf 68' lang='lat' dir='ltr'>luxuriam,</span> <span class='ocrx_word' id='word_1_59' title='bbox 427 780 455 824; x_wconf 92' lang='lat' dir='ltr'>et</span> <span class='ocrx_word' id='word_1_60' title='bbox 468 775 673 828; x_wconf 88' lang='lat' dir='ltr'>Nomentanum</span> <span class='ocrx_word' id='word_1_61' title='bbox 692 778 783 844; x_wconf 80' lang='lat' dir='ltr'>arripe</span> 
     </span>
     <span class='ocr_line' id='line_1_10' title="bbox 475 860 594 896; baseline 0.008 -2"><span class='ocrx_word' id='word_1_62' title='bbox 475 860 594 896; x_wconf 89' lang='lat' dir='ltr'>mecum:</span> 
     </span>
    </p>

    <p class='ocr_par' dir='ltr' id='par_1_10' title="bbox 48 911 878 981">
     <span class='ocr_line' id='line_1_11' title="bbox 48 911 878 981; baseline 0.004 -16"><span class='ocrx_word' id='word_1_63' title='bbox 48 913 158 965; x_wconf 90' lang='lat' dir='ltr'>Vincet</span> <span class='ocrx_word' id='word_1_64' title='bbox 167 912 242 963; x_wconf 86' lang='lat' dir='ltr'>enim</span> <span class='ocrx_word' id='word_1_65' title='bbox 253 911 355 963; x_wconf 79' lang='lat' dir='ltr'>stultos</span> <span class='ocrx_word' id='word_1_66' title='bbox 365 913 439 963; x_wconf 87' lang='lat' dir='ltr'>ratio</span> <span class='ocrx_word' id='word_1_67' title='bbox 450 914 572 965; x_wconf 84' lang='lat' dir='ltr'>insanire</span> <span class='ocrx_word' id='word_1_68' title='bbox 582 920 704 981; x_wconf 76' lang='lat' dir='ltr'>nepotes.</span> <span class='ocrx_word' id='word_1_69' title='bbox 771 949 774 954; x_wconf 85' lang='lat'><strong>·</strong></span> <span class='ocrx_word' id='word_1_70' title='bbox 828 921 878 974; x_wconf 79' lang='lat'>225</span> 
     </span>
    </p>

    <p class='ocr_par' dir='ltr' id='par_1_11' title="bbox 50 981 698 1051">
     <span class='ocr_line' id='line_1_12' title="bbox 50 981 698 1051; baseline 0.003 -18"><span class='ocrx_word' id='word_1_71' title='bbox 50 984 110 1034; x_wconf 87' lang='lat' dir='ltr'>Hic</span> <span class='ocrx_word' id='word_1_72' title='bbox 121 981 207 1032; x_wconf 81' lang='lat' dir='ltr'>simul</span> <span class='ocrx_word' id='word_1_73' title='bbox 218 984 325 1047; x_wconf 86' lang='lat' dir='ltr'>occepit</span> <span class='ocrx_word' id='word_1_74' title='bbox 333 983 484 1046; x_wconf 78' lang='lat' dir='ltr'>patrimoni</span> <span class='ocrx_word' id='word_1_75' title='bbox 494 983 572 1051; x_wconf 87' lang='lat' dir='ltr'>mille</span> <span class='ocrx_word' id='word_1_76' title='bbox 584 983 698 1049; x_wconf 85' lang='lat' dir='ltr'>talenta,</span> 
     </span>
    </p>

    <p class='ocr_par' dir='ltr' id='par_1_12' title="bbox 50 1051 649 1119">
     <span class='ocr_line' id='line_1_13' title="bbox 50 1051 649 1119; baseline 0 -17"><span class='ocrx_word' id='word_1_77' title='bbox 50 1051 163 1113; x_wconf 83' lang='lat' dir='ltr'>Edicit,</span> <span class='ocrx_word' id='word_1_78' title='bbox 173 1052 297 1116; x_wconf 76' lang='lat' dir='ltr'>piscator</span> <span class='ocrx_word' id='word_1_79' title='bbox 307 1051 362 1113; x_wconf 91' lang='lat' dir='ltr'>uti,</span> <span class='ocrx_word' id='word_1_80' title='bbox 371 1054 528 1117; x_wconf 81' lang='lat' dir='ltr'>pomarius,</span> <span class='ocrx_word' id='word_1_81' title='bbox 538 1067 649 1119; x_wconf 84' lang='lat' dir='ltr'>auceps,</span> 
     </span>
    </p>

    <p class='ocr_par' dir='ltr' id='par_1_13' title="bbox 51 1121 680 1188">
     <span class='ocr_line' id='line_1_14' title="bbox 51 1121 680 1188; baseline 0.003 -18"><span class='ocrx_word' id='word_1_82' title='bbox 51 1121 280 1186; x_wconf 83' lang='lat' dir='ltr'>Unguentariue,</span> <span class='ocrx_word' id='word_1_83' title='bbox 290 1134 324 1171; x_wconf 87' lang='lat' dir='ltr'>ac</span> <span class='ocrx_word' id='word_1_84' title='bbox 334 1121 419 1172; x_wconf 76' lang='lat' dir='ltr'>Tusci</span> <span class='ocrx_word' id='word_1_85' title='bbox 429 1121 513 1173; x_wconf 84' lang='lat' dir='ltr'>turba</span> <span class='ocrx_word' id='word_1_86' title='bbox 522 1124 607 1188; x_wconf 85' lang='lat' dir='ltr'>impia</span> <span class='ocrx_word' id='word_1_87' title='bbox 617 1124 680 1185; x_wconf 88' lang='lat' dir='ltr'>vici,</span> 
     </span>
    </p>

    <p class='ocr_par' dir='ltr' id='par_1_14' title="bbox 52 1188 820 1255">
     <span class='ocr_line' id='line_1_15' title="bbox 52 1188 820 1255; baseline 0.007 -16"><span class='ocrx_word' id='word_1_88' title='bbox 52 1189 126 1239; x_wconf 82' lang='lat' dir='ltr'>Cum</span> <span class='ocrx_word' id='word_1_89' title='bbox 139 1189 244 1240; x_wconf 79' lang='lat' dir='ltr'>scurris</span> <span class='ocrx_word' id='word_1_90' title='bbox 255 1188 354 1251; x_wconf 85' lang='lat' dir='ltr'>fartor,</span> <span class='ocrx_word' id='word_1_91' title='bbox 366 1205 429 1241; x_wconf 88' lang='lat' dir='ltr'>cum</span> <span class='ocrx_word' id='word_1_92' title='bbox 439 1189 561 1242; x_wconf 85' lang='lat' dir='ltr'>Velabro</span> <span class='ocrx_word' id='word_1_93' title='bbox 571 1206 653 1241; x_wconf 91' lang='lat' dir='ltr'>omne</span> <span class='ocrx_word' id='word_1_94' title='bbox 663 1192 820 1255; x_wconf 79' lang='lat' dir='ltr'>macellum,</span> 
     </span>
    </p>

    <p class='ocr_par' dir='ltr' id='par_1_15' title="bbox 52 1258 881 1391">
     <span class='ocr_line' id='line_1_16' title="bbox 52 1258 881 1326; baseline 0.004 -17"><span class='ocrx_word' id='word_1_95' title='bbox 52 1258 144 1309; x_wconf 87' lang='lat' dir='ltr'>Mane</span> <span class='ocrx_word' id='word_1_96' title='bbox 164 1258 276 1309; x_wconf 92' lang='lat' dir='ltr'>domum</span> <span class='ocrx_word' id='word_1_97' title='bbox 290 1261 411 1310; x_wconf 86' lang='lat' dir='ltr'>veniant.</span> <span class='ocrx_word' id='word_1_98' title='bbox 443 1261 498 1322; x_wconf 78' lang='lat' dir='ltr'>Qui</span> <span class='ocrx_word' id='word_1_99' title='bbox 514 1274 599 1326; x_wconf 91' lang='lat' dir='ltr'>quum</span> <span class='ocrx_word' id='word_1_100' title='bbox 614 1260 715 1310; x_wconf 81' lang='lat' dir='ltr'>venere</span> <span class='ocrx_word' id='word_1_101' title='bbox 732 1259 786 1312; x_wconf 84' lang='lat' dir='ltr'>fre·</span> <span class='ocrx_word' id='word_1_102' title='bbox 831 1268 881 1320; x_wconf 77' lang='lat'>230</span> 
     </span>
     <span class='ocr_line' id='line_1_17' title="bbox 492 1333 601 1391; baseline 0.009 -12"><span class='ocrx_word' id='word_1_103' title='bbox 492 1333 601 1391; x_wconf 79' lang='lat' dir='ltr'>uenter,</span> 
     </span>
    </p>

    <p class='ocr_par' dir='ltr' id='par_1_16' title="bbox 53 1345 821 1465">
     <span class='ocr_line' id='line_1_18' title="bbox 53 1345 821 1465; baseline 0 -17"><span class='ocrx_word' id='word_1_104' title='bbox 53 1395 304 1448; x_wconf 79' lang='lat' dir='ltr'>Verbosacitleno.</span> <span class='ocrx_word' id='word_1_105' title='bbox 315 1345 821 1465; x_wconf 47' lang='lat' dir='ltr'>Quidquidaffihimuidquidethorum</span> 
     </span>
    </p>

    <p class='ocr_par' dir='ltr' id='par_1_17' title="bbox 55 1465 822 1586">
     <span class='ocr_line' id='line_1_19' title="bbox 55 1465 822 1532; baseline -0.003 -13"><span class='ocrx_word' id='word_1_106' title='bbox 55 1467 167 1532; x_wconf 80' lang='lat' dir='ltr'>Cuique</span> <span class='ocrx_word' id='word_1_107' title='bbox 177 1465 252 1516; x_wconf 86' lang='lat' dir='ltr'>domi</span> <span class='ocrx_word' id='word_1_108' title='bbox 263 1471 319 1526; x_wconf 81' lang='lat' dir='ltr'>eat,</span> <span class='ocrx_word' id='word_1_109' title='bbox 329 1466 360 1516; x_wconf 90' lang='lat' dir='ltr'>id</span> <span class='ocrx_word' id='word_1_110' title='bbox 370 1466 452 1517; x_wconf 88' lang='lat' dir='ltr'>crede</span> <span class='ocrx_word' id='word_1_111' title='bbox 463 1470 557 1529; x_wconf 83' lang='lat' dir='ltr'>tuum3</span> <span class='ocrx_word' id='word_1_112' title='bbox 573 1472 601 1518; x_wconf 86' lang='lat' dir='ltr'>et</span> <span class='ocrx_word' id='word_1_113' title='bbox 610 1466 657 1518; x_wconf 86' lang='lat' dir='ltr'>vel</span> <span class='ocrx_word' id='word_1_114' title='bbox 667 1482 740 1517; x_wconf 87' lang='lat' dir='ltr'>nunc</span> <span class='ocrx_word' id='word_1_115' title='bbox 748 1472 822 1532; x_wconf 89' lang='lat' dir='ltr'>pete,</span> 
     </span>
     <span class='ocr_line' id='line_1_20' title="bbox 474 1534 601 1586; baseline 0.008 -1"><span class='ocrx_word' id='word_1_116' title='bbox 474 1534 601 1586; x_wconf 80' lang='lat' dir='ltr'>velcraa.</span> 
     </span>
    </p>

    <p class='ocr_par' dir='ltr' id='par_1_18' title="bbox 55 1599 786 1675">
     <span class='ocr_line' id='line_1_21' title="bbox 55 1599 786 1675; baseline -0.004 -16"><span class='ocrx_word' id='word_1_117' title='bbox 55 1606 173 1670; x_wconf 82' lang='lat' dir='ltr'>Accipe,</span> <span class='ocrx_word' id='word_1_118' title='bbox 184 1603 249 1671; x_wconf 88' lang='lat' dir='ltr'>quid</span> <span class='ocrx_word' id='word_1_119' title='bbox 262 1607 361 1654; x_wconf 83' lang='lat' dir='ltr'>contra</span> <span class='ocrx_word' id='word_1_120' title='bbox 371 1604 476 1655; x_wconf 75' lang='lat' dir='ltr'>iuvenis</span> <span class='ocrx_word' id='word_1_121' title='bbox 485 1599 662 1671; x_wconf 75' lang='lat' dir='ltr'>responderit</span> <span class='ocrx_word' id='word_1_122' title='bbox 673 1620 786 1675; x_wconf 75' lang='lat' dir='ltr'>aequus.</span> 
     </span>
    </p>

    <p class='ocr_par' dir='ltr' id='par_1_19' title="bbox 56 1672 708 1742">
     <span class='ocr_line' id='line_1_22' title="bbox 56 1672 708 1742; baseline 0.002 -17"><span class='ocrx_word' id='word_1_123' title='bbox 56 1677 91 1728; x_wconf 92' lang='lat' dir='ltr'>ln</span> <span class='ocrx_word' id='word_1_124' title='bbox 101 1675 164 1723; x_wconf 86' lang='lat' dir='ltr'>nive</span> <span class='ocrx_word' id='word_1_125' title='bbox 174 1673 289 1722; x_wconf 86' lang='lat' dir='ltr'>Lucana</span> <span class='ocrx_word' id='word_1_126' title='bbox 299 1672 404 1722; x_wconf 77' lang='lat' dir='ltr'>dormio</span> <span class='ocrx_word' id='word_1_127' title='bbox 415 1678 557 1737; x_wconf 79' lang='lat' dir='ltr'>ocreatus,</span> <span class='ocrx_word' id='word_1_128' title='bbox 567 1680 599 1725; x_wconf 92' lang='lat' dir='ltr'>ut</span> <span class='ocrx_word' id='word_1_129' title='bbox 611 1690 708 1742; x_wconf 87' lang='lat' dir='ltr'>aprum</span> 
     </span>
    </p>

    <p class='ocr_par' dir='ltr' id='par_1_20' title="bbox 59 1739 881 1814">
     <span class='ocr_line' id='line_1_23' title="bbox 59 1739 881 1814; baseline 0.01 -20"><span class='ocrx_word' id='word_1_130' title='bbox 59 1745 164 1795; x_wconf 77' lang='lat' dir='ltr'>Cenem</span> <span class='ocrx_word' id='word_1_131' title='bbox 173 1755 238 1808; x_wconf 85' lang='lat' dir='ltr'>ego:</span> <span class='ocrx_word' id='word_1_132' title='bbox 252 1745 284 1790; x_wconf 92' lang='lat' dir='ltr'>tu</span> <span class='ocrx_word' id='word_1_133' title='bbox 294 1742 384 1807; x_wconf 78' lang='lat' dir='ltr'>pisces</span> <span class='ocrx_word' id='word_1_134' title='bbox 393 1739 510 1792; x_wconf 88' lang='lat' dir='ltr'>hiberno</span> <span class='ocrx_word' id='word_1_135' title='bbox 521 1759 556 1795; x_wconf 83' lang='lat' dir='ltr'>ex</span> <span class='ocrx_word' id='word_1_136' title='bbox 567 1760 688 1814; x_wconf 84' lang='lat' dir='ltr'>aequore</span> <span class='ocrx_word' id='word_1_137' title='bbox 698 1745 792 1798; x_wconf 78' lang='lat' dir='ltr'>vellis:</span> <span class='ocrx_word' id='word_1_138' title='bbox 830 1755 881 1807; x_wconf 82' lang='lat'>235</span> 
     </span>
    </p>

    <p class='ocr_par' dir='ltr' id='par_1_21' title="bbox 59 1810 820 1881">
     <span class='ocr_line' id='line_1_24' title="bbox 59 1810 820 1881; baseline 0.004 -19"><span class='ocrx_word' id='word_1_139' title='bbox 59 1812 159 1880; x_wconf 78' lang='lat' dir='ltr'>Segnia</span> <span class='ocrx_word' id='word_1_140' title='bbox 170 1825 231 1877; x_wconf 86' lang='lat' dir='ltr'>ego,</span> <span class='ocrx_word' id='word_1_141' title='bbox 241 1810 715 1881; x_wconf 74' lang='lat' dir='ltr'>indignusquitantumpossideamr</span> <span class='ocrx_word' id='word_1_142' title='bbox 728 1815 820 1868; x_wconf 79' lang='lat' dir='ltr'>auser:</span> 
     </span>
    </p>

    <p class='ocr_par' dir='ltr' id='par_1_22' title="bbox 60 1880 778 1947">
     <span class='ocr_line' id='line_1_25' title="bbox 60 1880 778 1947; baseline -0.003 -13"><span class='ocrx_word' id='word_1_143' title='bbox 60 1881 146 1934; x_wconf 86' lang='lat' dir='ltr'>Sume</span> <span class='ocrx_word' id='word_1_144' title='bbox 155 1880 206 1931; x_wconf 89' lang='lat' dir='ltr'>tibi</span> <span class='ocrx_word' id='word_1_145' title='bbox 218 1880 323 1932; x_wconf 85' lang='lat' dir='ltr'>decies:</span> <span class='ocrx_word' id='word_1_146' title='bbox 339 1880 390 1930; x_wconf 91' lang='lat' dir='ltr'>tibi</span> <span class='ocrx_word' id='word_1_147' title='bbox 402 1882 590 1944; x_wconf 65' lang='lat' dir='ltr'>tantumdem</span> <span class='ocrx_word' id='word_1_148' title='bbox 604 1885 656 1932; x_wconf 86' lang='lat' dir='ltr'>tibi</span> <span class='ocrx_word' id='word_1_149' title='bbox 666 1883 778 1947; x_wconf 81' lang='lat' dir='ltr'>triplex,</span> 
     </span>
    </p>

    <p class='ocr_par' dir='ltr' id='par_1_23' title="bbox 59 1950 678 2002">
     <span class='ocr_line' id='line_1_26' title="bbox 59 1950 678 2002; baseline -0.003 0"><span class='ocrx_word' id='word_1_150' title='bbox 59 1950 140 2002; x_wconf 85' lang='lat' dir='ltr'>Unde</span> <span class='ocrx_word' id='word_1_151' title='bbox 150 1964 222 2001; x_wconf 87' lang='lat' dir='ltr'>uxor</span> <span class='ocrx_word' id='word_1_152' title='bbox 231 1950 325 2002; x_wconf 88' lang='lat' dir='ltr'>media</span> <span class='ocrx_word' id='word_1_153' title='bbox 336 1950 424 2000; x_wconf 88' lang='lat' dir='ltr'>currit</span> <span class='ocrx_word' id='word_1_154' title='bbox 435 1950 469 2002; x_wconf 91' lang='lat' dir='ltr'>de</span> <span class='ocrx_word' id='word_1_155' title='bbox 477 1954 562 2001; x_wconf 69' lang='lat' dir='ltr'>&#39;nocte</span> <span class='ocrx_word' id='word_1_156' title='bbox 571 1955 678 2000; x_wconf 87' lang='lat' dir='ltr'>vocata.</span> 
     </span>
    </p>

    <p class='ocr_par' dir='ltr' id='par_1_24' title="bbox 60 2017 708 2085">
     <span class='ocr_line' id='line_1_27' title="bbox 60 2017 708 2085; baseline -0.005 -12"><span class='ocrx_word' id='word_1_157' title='bbox 60 2019 151 2073; x_wconf 83' lang='lat' dir='ltr'>Filius</span> <span class='ocrx_word' id='word_1_158' title='bbox 160 2021 261 2085; x_wconf 79' lang='lat' dir='ltr'>Aesopi</span> <span class='ocrx_word' id='word_1_159' title='bbox 272 2020 427 2072; x_wconf 80' lang='lat' dir='ltr'>detractam</span> <span class='ocrx_word' id='word_1_160' title='bbox 439 2033 474 2070; x_wconf 80' lang='lat' dir='ltr'>ex</span> <span class='ocrx_word' id='word_1_161' title='bbox 485 2033 554 2070; x_wconf 84' lang='lat' dir='ltr'>aure</span> <span class='ocrx_word' id='word_1_162' title='bbox 566 2017 708 2081; x_wconf 87' lang='lat' dir='ltr'>Metellae,</span> 
     </span>
    </p>

    <p class='ocr_par' dir='ltr' id='par_1_25' title="bbox 62 2088 882 2151">
     <span class='ocr_line' id='line_1_28' title="bbox 62 2088 882 2151; baseline -0.005 -9"><span class='ocrx_word' id='word_1_163' title='bbox 62 2089 174 2142; x_wconf 81' lang='lat' dir='ltr'>Scilicet</span> <span class='ocrx_word' id='word_1_164' title='bbox 184 2095 216 2139; x_wconf 94' lang='lat' dir='ltr'>ut</span> <span class='ocrx_word' id='word_1_165' title='bbox 228 2089 320 2140; x_wconf 84' lang='lat' dir='ltr'>decies</span> <span class='ocrx_word' id='word_1_166' title='bbox 331 2088 452 2139; x_wconf 77' lang='lat' dir='ltr'>solidum</span> <span class='ocrx_word' id='word_1_167' title='bbox 463 2089 637 2149; x_wconf 80' lang='lat' dir='ltr'>exsorberet,</span> <span class='ocrx_word' id='word_1_168' title='bbox 649 2091 729 2139; x_wconf 89' lang='lat' dir='ltr'>aceto</span> <span class='ocrx_word' id='word_1_169' title='bbox 832 2100 882 2151; x_wconf 81' lang='lat'>240</span> 
     </span>
    </p>

    <p class='ocr_par' dir='ltr' id='par_1_26' title="bbox 59 2157 697 2225">
     <span class='ocr_line' id='line_1_29' title="bbox 59 2157 697 2225; baseline -0.005 -15"><span class='ocrx_word' id='word_1_170' title='bbox 59 2157 153 2210; x_wconf 86' lang='lat' dir='ltr'>Diluit</span> <span class='ocrx_word' id='word_1_171' title='bbox 161 2159 296 2223; x_wconf 80' lang='lat' dir='ltr'>insignem</span> <span class='ocrx_word' id='word_1_172' title='bbox 307 2158 433 2209; x_wconf 86' lang='lat' dir='ltr'>baccam:</span> <span class='ocrx_word' id='word_1_173' title='bbox 450 2162 499 2225; x_wconf 85' lang='lat' dir='ltr'>qut</span> <span class='ocrx_word' id='word_1_174' title='bbox 510 2160 618 2221; x_wconf 80' lang='lat' dir='ltr'>sanior,</span> <span class='ocrx_word' id='word_1_175' title='bbox 630 2173 663 2208; x_wconf 88' lang='lat' dir='ltr'>ac</span> <span class='ocrx_word' id='word_1_176' title='bbox 673 2159 697 2208; x_wconf 80' lang='lat' dir='ltr'>ei</span> 
     </span>
    </p>

    <p class='ocr_par' dir='ltr' id='par_1_27' title="bbox 61 2223 823 2291">
     <span class='ocr_line' id='line_1_30' title="bbox 61 2223 823 2291; baseline -0.005 -12"><span class='ocrx_word' id='word_1_177' title='bbox 61 2225 135 2279; x_wconf 93' lang='lat' dir='ltr'>lllud</span> <span class='ocrx_word' id='word_1_178' title='bbox 145 2225 216 2277; x_wconf 92' lang='lat' dir='ltr'>idem</span> <span class='ocrx_word' id='word_1_179' title='bbox 227 2228 255 2276; x_wconf 92' lang='lat' dir='ltr'>in</span> <span class='ocrx_word' id='word_1_180' title='bbox 266 2226 394 2291; x_wconf 88' lang='lat' dir='ltr'>rapidum</span> <span class='ocrx_word' id='word_1_181' title='bbox 406 2226 519 2290; x_wconf 83' lang='lat' dir='ltr'>llumen,</span> <span class='ocrx_word' id='word_1_182' title='bbox 530 2230 668 2279; x_wconf 84' lang='lat' dir='ltr'>iaceretve</span> <span class='ocrx_word' id='word_1_183' title='bbox 680 2223 823 2278; x_wconf 59' lang='lat' dir='ltr'>cloacam?</span> 
     </span>
    </p>

    <p class='ocr_par' dir='ltr' id='par_1_28' title="bbox 65 2295 719 2361">
     <span class='ocr_line' id='line_1_31' title="bbox 65 2295 719 2361; baseline 0.002 -16"><span class='ocrx_word' id='word_1_184' title='bbox 65 2295 173 2356; x_wconf 74' lang='lat' dir='ltr'>Quincti</span> <span class='ocrx_word' id='word_1_185' title='bbox 182 2297 329 2361; x_wconf 81' lang='lat' dir='ltr'>progenies</span> <span class='ocrx_word' id='word_1_186' title='bbox 339 2297 415 2357; x_wconf 82' lang='lat' dir='ltr'>Arri,</span> <span class='ocrx_word' id='word_1_187' title='bbox 426 2309 477 2360; x_wconf 87' lang='lat' dir='ltr'>par</span> <span class='ocrx_word' id='word_1_188' title='bbox 487 2297 579 2347; x_wconf 90' lang='lat' dir='ltr'>nobile</span> <span class='ocrx_word' id='word_1_189' title='bbox 591 2296 719 2358; x_wconf 84' lang='lat' dir='ltr'>fratrum,</span> 
     </span>
    </p>

    <p class='ocr_par' dir='ltr' id='par_1_29' title="bbox 64 2362 913 2432">
     <span class='ocr_line' id='line_1_32' title="bbox 64 2362 913 2432; baseline -0.002 -15"><span class='ocrx_word' id='word_1_190' title='bbox 64 2362 199 2431; x_wconf 85' lang='lat' dir='ltr'>Nequitia,</span> <span class='ocrx_word' id='word_1_191' title='bbox 210 2369 240 2414; x_wconf 88' lang='lat' dir='ltr'>et</span> <span class='ocrx_word' id='word_1_192' title='bbox 249 2365 338 2431; x_wconf 78' lang='lat' dir='ltr'>nugis,</span> <span class='ocrx_word' id='word_1_193' title='bbox 349 2378 498 2430; x_wconf 83' lang='lat' dir='ltr'>pravorum</span> <span class='ocrx_word' id='word_1_194' title='bbox 509 2371 538 2415; x_wconf 91' lang='lat' dir='ltr'>et</span> <span class='ocrx_word' id='word_1_195' title='bbox 549 2379 645 2415; x_wconf 83' lang='lat' dir='ltr'>amore</span> <span class='ocrx_word' id='word_1_196' title='bbox 656 2363 821 2432; x_wconf 69' lang='lat' dir='ltr'>gemellum</span> <span class='ocrx_word' id='word_1_197' title='bbox 909 2399 913 2407; x_wconf 84' lang='lat'><strong>·</strong></span> 
     </span>
    </p>

    <p class='ocr_par' dir='ltr' id='par_1_30' title="bbox 65 2433 881 2500">
     <span class='ocr_line' id='line_1_33' title="bbox 65 2433 881 2500; baseline -0.002 -14"><span class='ocrx_word' id='word_1_198' title='bbox 65 2433 207 2486; x_wconf 77' lang='lat' dir='ltr'>Luscinios</span> <span class='ocrx_word' id='word_1_199' title='bbox 218 2433 295 2483; x_wconf 76' lang='lat' dir='ltr'>soliti</span> <span class='ocrx_word' id='word_1_200' title='bbox 306 2434 431 2499; x_wconf 85' lang='lat' dir='ltr'>impenso</span> <span class='ocrx_word' id='word_1_201' title='bbox 441 2433 580 2498; x_wconf 85' lang='lat' dir='ltr'>prandere</span> <span class='ocrx_word' id='word_1_202' title='bbox 592 2437 741 2500; x_wconf 78' lang='lat' dir='ltr'>coemptas,</span> <span class='ocrx_word' id='word_1_203' title='bbox 831 2443 881 2497; x_wconf 81' lang='lat'>245</span> 
     </span>
    </p>

    <p class='ocr_par' dir='ltr' id='par_1_31' title="bbox 67 2500 822 2564">
     <span class='ocr_line' id='line_1_34' title="bbox 67 2500 822 2564; baseline 0 -10"><span class='ocrx_word' id='word_1_204' title='bbox 67 2500 822 2564; x_wconf 74' lang='lat' dir='ltr'>Quorsumabeantisanin‘creta,ancarbonenotandii</span> 
     </span>
    </p>

    <p class='ocr_par' dir='ltr' id='par_1_32' title="bbox 67 2570 735 2639">
     <span class='ocr_line' id='line_1_35' title="bbox 67 2570 735 2639; baseline -0.003 -13"><span class='ocrx_word' id='word_1_205' title='bbox 67 2571 214 2626; x_wconf 79' lang='lat' dir='ltr'>Aedificare</span> <span class='ocrx_word' id='word_1_206' title='bbox 226 2585 318 2634; x_wconf 78' lang='lat' dir='ltr'>caras,</span> <span class='ocrx_word' id='word_1_207' title='bbox 327 2570 458 2638; x_wconf 80' lang='lat' dir='ltr'>plostello</span> <span class='ocrx_word' id='word_1_208' title='bbox 470 2571 623 2639; x_wconf 86' lang='lat' dir='ltr'>adiungere</span> <span class='ocrx_word' id='word_1_209' title='bbox 633 2575 735 2636; x_wconf 80' lang='lat' dir='ltr'>mure&#39;a,</span> 
     </span>
    </p>

    <p class='ocr_par' dir='ltr' id='par_1_33' title="bbox 68 2640 776 2711">
     <span class='ocr_line' id='line_1_36' title="bbox 68 2640 776 2711; baseline 0 -18"><span class='ocrx_word' id='word_1_210' title='bbox 68 2640 173 2693; x_wconf 83' lang='lat' dir='ltr'>Ludere</span> <span class='ocrx_word' id='word_1_211' title='bbox 184 2656 234 2707; x_wconf 86' lang='lat' dir='ltr'>par</span> <span class='ocrx_word' id='word_1_212' title='bbox 244 2642 349 2708; x_wconf 85' lang='lat' dir='ltr'>impar,</span> <span class='ocrx_word' id='word_1_213' title='bbox 360 2642 486 2708; x_wconf 83' lang='lat' dir='ltr'>equitare</span> <span class='ocrx_word' id='word_1_214' title='bbox 497 2643 525 2691; x_wconf 93' lang='lat' dir='ltr'>in</span> <span class='ocrx_word' id='word_1_215' title='bbox 536 2641 673 2693; x_wconf 85' lang='lat' dir='ltr'>arundine</span> <span class='ocrx_word' id='word_1_216' title='bbox 684 2642 776 2711; x_wconf 74' lang='lat' dir='ltr'>longa,</span> 
     </span>
    </p>

    <p class='ocr_par' dir='ltr' id='par_1_34' title="bbox 70 2710 733 2779">
     <span class='ocr_line' id='line_1_37' title="bbox 70 2710 733 2779; baseline 0 -16"><span class='ocrx_word' id='word_1_217' title='bbox 70 2710 99 2763; x_wconf 87' lang='lat' dir='ltr'>Si</span> <span class='ocrx_word' id='word_1_218' title='bbox 108 2725 183 2779; x_wconf 87' lang='lat' dir='ltr'>quem</span> <span class='ocrx_word' id='word_1_219' title='bbox 193 2710 314 2766; x_wconf 80' lang='lat' dir='ltr'>delectet</span> <span class='ocrx_word' id='word_1_220' title='bbox 322 2710 484 2775; x_wconf 67' lang='lat' dir='ltr'>barbatum</span> <span class='ocrx_word' id='word_1_221' title='bbox 500 2711 623 2764; x_wconf 87' lang='lat' dir='ltr'>amentia</span> <span class='ocrx_word' id='word_1_222' title='bbox 632 2716 733 2765; x_wconf 83' lang='lat' dir='ltr'>verret.</span> 
     </span>
    </p>
   </div>
   <div class='ocr_carea' id='block_1_3' title="bbox 0 0 1070 3075">
    <p class='ocr_par' dir='ltr' id='par_1_35' title="bbox 0 0 1070 3075">
     <span class='ocr_line' id='line_1_38' title="bbox 0 0 1070 3075; baseline 0 0"><span class='ocrx_word' id='word_1_223' title='bbox 0 0 1070 3075; x_wconf 95' lang='lat' dir='ltr'> </span> 
     </span>
    </p>
   </div>
  </div>
 </body>
</html>
