2084 3075
226 194 280 251 264
433 187 787 247 EPISTOLARUM

190 294 193 299 ⁴
226 300 316 368 Saepe
326 298 411 351 etiam
420 296 555 349 andanem
565 293 993 364 fuguthoeterretquepeetan,

226 370 309 433 Quod
319 382 435 420 numero
444 366 554 432 plures,
567 367 685 426 virtute,
701 369 731 415 et
742 363 856 417 bonore
867 370 995 431 minoren,

226 440 348 499 lndoeti‚
359 435 524 502 stolidique,
533 441 562 486 et
573 433 734 500 depugnare
745 436 854 499 parati,

171 507 218 562 185
227 509 256 561 Si
267 507 408 560 discordet
417 520 515 572 eques,
526 503 618 554 media
627 505 701 553 iuter
711 505 845 554 earmina
853 514 980 571 poscunt

226 581 281 631 Aut
291 592 396 636 ursum,
407 580 456 625 aut
465 573 586 641 pugiles:
597 571 711 622 lrianam
718 572 876 639 plebecula
883 576 995 642 plaudit

226 647 332 699 Verum
353 645 455 712 equitia
474 657 584 710 quoque
601 642 657 691 iann
677 643 814 760 pugnavit
835 645 875 695 ab
897 660 967 698 aure

641 725 676 761 vu
687 716 772 777 uptaa

229 787 325 839 Omnia
335 783 371 834 ad
381 784 503 834 incertos
514 780 624 841 oculos,
633 784 664 831 et
672 780 780 846 gaudia
788 796 878 835 vana.

159 884 163 891 -
230 857 378 916 Quattuor,
387 856 437 901 aut
445 853 541 917 plures
551 849 653 907 aulaea
662 855 836 914 premuntur
847 856 880 904 in
891 853 984 918 boras,

174 938 221 989 190
229 924 304 975 Dum
324 918 437 986 lugiunt
454 921 580 986 equitum
600 924 727 981 turmae,
745 920 942 991 peditumque
959 939 998 976 cvr

643 993 754 1039 tervaee

230 1061 299 1114 Mox
307 1057 431 1110 trabitur
440 1060 568 1110 manibus
577 1072 676 1124 regum
688 1056 808 1111 fortuna
818 1066 956 1126 retortia

231 1128 336 1184 Eaaeda
346 1127 494 1188 festinant,
504 1127 623 1193 pilenta,
633 1129 787 1193 petorrita,
797 1145 904 1183 nares:

232 1200 377 1267 Captivum
387 1200 518 1264 portatur
528 1197 610 1258 ebur,
620 1198 730 1261 captiva
741 1197 912 1252 Corinthus.

232 1268 263 1322 Si
273 1267 348 1321 foret
357 1269 387 1319 in
396 1269 494 1329 terrie,
504 1266 611 1317 rideret
621 1265 817 1331 Democritua3
832 1285 887 1322 eeu

175 1331 224 1400 ¹95
234 1341 381 1392 Diversum
393 1335 510 1388 confusa
520 1350 608 1401 genus
618 1334 757 1400 panthera
767 1338 890 1402 camele,

234 1410 298 1462 Sive
308 1405 421 1472 elephas
431 1405 512 1456 albus
524 1403 599 1470 vulgi
610 1410 788 1458 converteret
797 1421 863 1458 ura:

235 1479 385 1547 Spectaret
393 1474 525 1543 populum
537 1473 612 1523 ludia
624 1475 760 1525 attentius
771 1477 853 1543 ipsis,

234 1551 272 1602 Ut
281 1550 333 1600 sibi
345 1548 524 1613 praebentem
534 1544 620 1595 inimo
630 1545 794 1609 spectacula
804 1547 902 1612 plura.

237 1618 395 1682 Scriptores
406 1621 499 1666 autern
508 1627 625 1664 narrare
635 1618 750 1680 putaret
759 1615 852 1669 asello

178 1690 228 1727 2⁰⁰
237 1685 382 1737 Fabellam
393 1684 491 1735 nunilo:
508 1698 572 1733 narn
582 1697 654 1750 quea
665 1686 830 1748 pervincere
841 1702 930 1740 voces

236 1752 375 1806 Evaluere
385 1766 497 1813 aenum,
507 1753 635 1804 referunt
645 1768 727 1820 quem
738 1760 839 1806 nestra
848 1755 982 1809 tineam!

238 1822 399 1889 Garganum
406 1824 1004 1890 rnugtreputesnemus,autmare'l'uaeun3

238 1894 331 1945 ’lanto
342 1906 405 1944 cum
416 1892 535 1958 strepitu
546 1891 605 1943 ludi
615 1898 792 1958 spectantur,
802 1900 832 1946 et
843 1901 936 1959 arten,

238 1963 414 2029 Divitiaeque
424 1964 605 2028 peregrinam
619 1963 719 2028 quibua
729 1964 836 2014 oblitus
849 1973 934 2018 actor

179 2023 228 2077 205
238 2036 331 2099 Quum
342 2033 421 2084 stetit
431 2034 459 2082 in
468 2047 581 2093 aeaena,
593 2034 733 2083 eoneurrit
743 2033 863 2085 deutera
872 2037 984 2089 laevae

238 2105 319 2157 Dixit
330 2102 421 2154 adhue
431 2101 553 2169 aliquid!
563 2101 608 2152 Nil
615 2116 691 2154 sane.
706 2102 780 2164 Quid
789 2102 887 2169 placet
899 2103 989 2172 ergui

237 2175 318 2227 Lana
328 2173 481 2223 Tarentino
491 2172 581 2222 violas
591 2172 701 2223 inritata
709 2187 825 2224 veneno.

238 2249 277 2300 Ac
287 2259 323 2297 ue
333 2239 406 2294 forte
417 2246 512 2308 putes,
526 2256 584 2303 me,
597 2257 669 2308 quae
685 2240 778 2293 faeere
788 2244 851 2307 ipse
861 2257 1006 2307 recusem,

174 2319 180 2328 “
239 2318 331 2379 Quum
342 2316 419 2368 recte
428 2316 553 2363 tractent
561 2310 623 2373 alii,
634 2311 750 2362 laudare
760 2311 900 2378 maligue:

180 2401 231 2436 210
238 2385 291 2439 llle
301 2398 352 2451 per
363 2386 507 2435 extentum
519 2381 614 2432 funem
625 2379 692 2431 mibi
703 2396 784 2446 pesae
794 2381 912 2433 videtur

240 2456 286 2506 lre
297 2457 394 2517 poeta,
403 2465 496 2501 rneurn
506 2452 555 2515 qui
565 2456 663 2514 pectus
672 2451 795 2500 inaniter
806 2453 897 2517 angit,

241 2522 352 2582 lrritat,
361 2517 479 2579 mulcet,
488 2517 567 2568 falsis
576 2518 732 2567 terroribus
740 2517 852 2584 implet,

241 2589 279 2637 Ut
288 2602 394 2655 magua,
404 2591 433 2638 et
441 2584 526 2636 mede
534 2600 579 2637 me
585 2582 697 2646 Thebis,
703 2586 1009 2650 niednponitAtheuia

240 2655 345 2705 Verum
360 2669 426 2721 age,
441 2659 471 2705 et
478 2652 593 2720 hia‚qui
602 2667 633 2703 ae
643 2651 743 2704 lecturi
752 2656 871 2707 eredere
887 2660 1011 2721 malunt,

184 2722 233 2771 215
242 2723 333 2783 Quam
342 2724 509 2785 apectaturia
519 2720 633 2773 fastidia
642 2720 720 2773 tare
726 2723 849 2787 superbi,
