2084 3075
323 173 471 227 LIBER
497 173 553 226 111.
781 174 817 226 99

128 282 176 335 Sic
186 280 334 345 etEurcpe
345 280 455 328 niveum
466 275 564 327 dolose
697 323 715 341 ,Ι
810 283 862 377 825·

128 349 254 401 Credidit
264 354 346 398 tauro
356 348 443 408 latus,
454 350 484 397 et
492 351 646 397 scatentem

125 419 236 471 Belluis
245 423 374 483 pontum,
387 416 548 483 mediasque
560 414 674 466 fraudes

197 487 303 538 Palluit
311 486 412 536 audax.

125 597 222 663 Nuper
231 598 261 646 in
271 596 359 661 pratis
370 595 495 645 studiosa
505 593 619 656 florum,
630 598 660 645 et
760 603 764 609 ’

125 667 246 719 Debitae
256 663 393 729 Nymphis
404 664 496 728 opifex
508 677 636 724 coronae,

124 736 215 788 Nocte
227 733 361 784 sublustri
373 731 441 783 nihil
452 738 529 782 astra
539 736 650 797 praeter
667 730 670 737 '

195 803 286 865 Vidit,
297 807 327 853 et
336 802 433 852 undas.

125 913 206 973 Quae
217 910 300 961 simul
311 916 423 962 centum
434 912 528 977 tetigit
537 915 687 977 potentem

125 981 241 1045 Oppidis
252 982 367 1042 Creten3
383 980 474 1046 pater!
491 980 648 1031 oreiictum

124 1050 214 1101 Filiae
226 1065 324 1100 nornen
331 1086 339 1111 ‚
349 1048 507 1116 pietasque!
524 1050 594 1099 dixit

194 1117 274 1170 Victa
284 1118 388 1170 furore.

124 1228 221 1280 Unde?
236 1246 290 1297 quo
301 1229 381 1281 venii
397 1230 480 1281 Levis
490 1243 547 1279 una
557 1244 632 1280 more
643 1235 686 1280 est

124 1297 271 1365 virginum
283 1299 390 1364 culpae.
411 1298 573 1366 vigilansne
583 1299 664 1367 pluro

123 1368 218 1433 Turpe
230 1366 424 1419 commissum}
439 1383 474 1416 an
485 1369 559 1417 vitiis
571 1371 712 1418 carentem
903 1431 904 1434 Ἴ

193 1436 281 1486 Ludit
288 1439 381 1501 imago
482 1459 485 1465 ·
822 1435 855 1484 40

121 1545 215 1606 Vana,
226 1558 298 1611 quae
308 1549 390 1608 porta
403 1542 512 1608 fugiens
525 1543 630 1594 eburna

122 1615 268 1666 Somnium
278 1611 370 1664 duent
387 1610 526 1662 Meliusne
537 1611 637 1663 fluctus

120 1686 168 1736 lre
179 1682 337 1750 perlongus
349 1681 415 1742 fuit,
427 1696 462 1731 an
473 1686 600 1734 recentes

194 1752 314 1819 Carpere
325 1750 426 1802 nonest

123 1862 154 1914 Si
165 1864 225 1930 quis
236 1861 369 1914 infamem
380 1861 447 1913 mihi
458 1879 533 1913 nunc
543 1865 689 1916 iuvencum
744 1915 747 1920 ,

124 1932 217 1983 Dedat
226 1931 327 1984 iratae!
343 1931 469 1983 lacerare
481 1930 571 1993 ferre,
583 1938 612 1982 et

46 2034 49 2039 »
124 2000 265 2070 Frangere
277 2004 369 2053 enitar
379 2001 462 2052 made
472 2001 592 2051 multum
602 2004 686 2052 amati

195 2071 306 2123 Cornua
314 2072 440 2121 monstri.

125 2181 274 2247 impudens
283 2183 353 2251 liqui
363 2185 469 2250 patrios
479 2183 614 2247 Penates;
670 2198 672 2202 ⁸
734 2232 753 2259 ,

125 2251 385 2320 Ιιηρυᾷοιιεθτοωη
396 2252 504 2304 moror!
520 2253 682 2305 ODecrum
822 2263 854 2314 50

126 2319 156 2370 Si
167 2322 229 2388 quis
238 2320 306 2374 haec
316 2323 409 2383 audie,
418 2324 525 2373 utinam
535 2325 608 2373 inter
620 2338 710 2375 errem

195 2390 275 2441 Nuda
285 2391 393 2443 leones!

124 2503 280 2570 Antequam
291 2506 380 2570 turpis
391 2506 493 2555 macies
504 2504 634 2555 decentes

126 2571 249 2637 Occupet
259 2574 360 2635 malae,
370 2580 540 2641 teneraeque
552 2587 650 2623 succus
708 2586 713 2593 ¹

125 2639 239 2691 Defluat
249 2643 518 2708 praedae,speciosa
529 2654 632 2709 quaero
822 2639 854 2690 55

194 2710 314 2763 Pascerc
324 2715 420 2780 tigres.
569 2778 593 2829 G

613 2796 628 2829 2
694 2802 696 2805 .
