2084 3075
315 169 462 222 LIBER
488 172 509 222 1.
539 169 555 223 3
763 171 813 224 165

34 269 209 338 Sisyphus!
230 269 303 324 hune
311 271 428 332 Varum,
444 271 570 325 distortis
580 274 718 327 cruribus:
734 274 813 326 illum

33 340 188 394 Balbutit
197 339 343 405 Scaurum,
355 345 445 409 pravis
456 343 556 393 fultum
569 343 642 395 male
652 343 727 398 talis.
752 349 757 354 “

34 410 175 462 Parcius
185 408 228 461 bic
239 410 322 460 viviti
337 411 410 478 frugi
422 413 539 463 dicatur.
560 412 679 478 lueptus,

35 481 85 530 Et
97 480 256 530 iactantior
266 480 311 530 bic
321 481 415 545 paullo
427 480 485 531 esti
501 482 653 532 concinnus
665 483 761 532 amicis
824 485 855 537 50

38 548 190 599 Postulat
198 554 231 600 ut
239 549 375 599 videatur.
397 551 432 597 nt
442 553 485 598 est
494 550 697 611 truculentior,
709 555 792 617 atque

37 617 123 668 Plus
135 632 227 684 aequo
237 616 326 667 liberi
337 617 467 681 simplex,
478 617 613 684 fortisque
625 617 769 669 habeatur.

41 686 174 736 Caldior
186 686 246 737 esti
261 700 340 735 acres
350 687 423 736 inter
433 692 604 756 numeretur.
627 687 740 753 Opinor.

41 756 138 807 Haec
148 769 196 804 res
207 760 235 803 et
246 755 348 819 iungit,
359 756 468 804 iunctos
479 761 507 805 et
517 762 612 807 servat
621 758 733 808 amicus.

41 826 86 875 At
99 837 155 873 nos
165 824 284 872 virtutes
294 824 368 887 ipsas
379 825 553 888 invertimus3
568 832 651 893 atque
802 834 809 852 ¹
824 831 856 884 55

44 892 207 945 Sincerum
218 893 342 957 cupimus
351 907 398 942 vas
409 895 574 946 incrustare.
594 895 701 946 Probus
711 897 773 963 quis

44 961 209 1014 Nobiscum
223 963 301 1024 rivit3
316 963 433 1012 multum
444 963 580 1014 demissus
590 963 681 1016 homo.
701 965 746 1017 llli

46 1030 163 1093 Tardo,
174 1045 325 1097 cognomen
331 1031 430 1098 Pingui
442 1032 549 1084 damus.
569 1034 623 1085 Hic
634 1033 706 1101 fugit
716 1049 812 1086 omues

46 1099 190 1162 Insidias,
201 1100 324 1167 nullique
336 1101 410 1152 malo
421 1101 494 1151 latus
505 1102 583 1153 obdit
594 1102 738 1170 apertuml

50 1170 169 1232 (Quum
179 1185 266 1236 genus
276 1168 328 1221 hoc
338 1173 494 1222 interritae
504 1177 645 1234 versetur,
655 1174 703 1223 ubi
715 1176 786 1223 acris
822 1170 854 1219 6ο

49 1238 176 1300 Invidia,
187 1244 269 1307 atque
280 1241 374 1307 rigent
383 1241 430 1291 ubi
442 1242 574 1302 crimina)
589 1255 640 1305 pro
649 1242 721 1291 bene
736 1256 813 1301 sano,

51 1310 96 1359 Ac
105 1321 159 1357 uon
171 1310 295 1370 incauto,
305 1312 413 1372 lictum,
423 1315 602 1376 astutumque
612 1323 750 1359 vocamus.

54 1376 215 1441 Simplicior
226 1380 301 1444 quis,
312 1384 340 1430 et
351 1384 406 1440 est,
421 1379 532 1445 qualem
543 1395 588 1429 me
600 1393 682 1443 saepe
693 1378 813 1429 libenter

54 1445 214 1497 Obtulerim
224 1449 288 1507 tibi,
298 1448 462 1507 Maeeenas3
476 1452 508 1496 ut
518 1446 592 1495 forte
603 1446 751 1511 legentem,

54 1517 113 1567 Aut
122 1512 238 1566 tacitum
250 1513 376 1579 impellat
389 1512 486 1581 quovis'
495 1512 642 1564 sermonei
661 1514 812 1566 Molestus!
823 1514 855 1568 65

55 1585 203 1635 Communi
214 1598 298 1634 sensu
308 1582 390 1648 plane
401 1588 486 1645 caret,
497 1584 645 1650 inquimus.
666 1583 738 1647 Heu,
750 1583 812 1648 heu,

56 1655 149 1715 Quam
159 1657 264 1702 temere
274 1654 302 1700 in
313 1657 421 1701 nosmet
431 1651 520 1718 legem
531 1654 669 1704 sancimus
676 1653 812 1722 iniquam!

56 1723 129 1775 Nam
140 1722 213 1769 vitiis
224 1735 304 1771 nemo
315 1721 373 1771 sine
384 1722 519 1771 nascitur:
535 1724 655 1788 optimus
666 1724 715 1776 ille
725 1730 777 1786 est,

58 1790 368 1856 Quiminimisurgetur.
378 1791 489 1839 Amicus
495 1791 593 1855 dulcis,
600 1798 631 1851 ut
636 1808 754 1860 aequum
761 1798 812 1854 est,

58 1864 150 1924 Quum
160 1874 223 1910 inea
232 1865 392 1925 compenset
401 1860 475 1908 vitiis
485 1860 572 1921 bona3
586 1861 710 1923 pluribus
720 1861 795 1912 bisce
823 1876 855 1926 7⁰

60 1929 106 1993 (Si
116 1930 195 1979 modo
207 1929 288 1995 plura
299 1926 366 1979 mihi
378 1930 450 1979 bona
460 1932 540 1989 sunt)
551 1928 678 1989 inclinet,
690 1932 777 1980 amari

61 1999 92 2052 Si
100 1999 183 2049 volet:
199 1998 250 2049 bae
261 1999 335 2066 lege,
345 1999 373 2047 in
385 1999 492 2047 trutina
520 2003 621 2049 onetur
631 1998 737 2049 eadem.

62 2070 128 2130 Qui,
137 2083 170 2118 ne
181 2070 323 2119 tuberibus
334 2069 454 2133 propriis
465 2082 481 2117 ο
504 2067 589 2117 endat
600 2068 728 2131 amicum,

62 2137 198 2200 Postulat,
212 2139 337 2204 ignoscet
346 2139 470 2187 verrucis
480 2137 565 2186 illius.
585 2136 710 2203 Aequum
722 2140 773 2197 cst,

63 2206 183 2258 Peccatis
194 2208 300 2263 ueniam
311 2213 468 2272 poscentem
480 2207 598 2270 reddere
609 2220 714 2256 rursus.
824 2207 854 2273 75

22 2272 26 2281 '
65 2275 199 2342 Denique,
210 2282 347 2342 quatenus
358 2276 445 2326 excidi
458 2277 568 2339 penitus
578 2277 674 2325 vitium
686 2276 759 2338 irae;

67 2345 160 2395 Cetera
169 2346 233 2395 item
247 2350 386 2411 nequeunt
396 2345 488 2394 stultis
498 2344 655 2395 haerentia:
670 2360 719 2396 cur
728 2358 785 2394 non

66 2413 243 2475 Ponderibus,
254 2413 427 2481 modulisque
438 2415 494 2462 suis
507 2416 579 2464 ratio
590 2412 694 2464 utiturl
714 2428 746 2464 ac
755 2426 810 2478 res,

68 2482 103 2533 Ut
112 2497 230 2550 quaeque
242 2489 297 2543 est,
308 2485 349 2532 ita
359 2483 499 2549 suppliciis
509 2482 613 2534 delicta
623 2481 749 2535 coercet?

69 2549 97 2602 Si
107 2553 162 2618 quis
170 2568 232 2603 eum
243 2568 365 2614 servum,
376 2555 496 2619 patinam
508 2555 554 2619 qui
565 2552 665 2604 tollere
675 2555 776 2616 iussus,
821 2554 854 2604 80

69 2619 187 2672 Semesos
197 2622 298 2687 pisces,
308 2620 502 2687 trepidumque
512 2621 668 2687 ligurrierit
677 2624 729 2684 ius,

69 2691 100 2740 lu
108 2705 183 2743 cruce
192 2690 316 2760 suffigat3
331 2690 461 2745 Labeone
472 2692 596 2741 insanior
607 2691 680 2741 inter
812 2686 817 2695 ⁷
