2084 3075
266 174 301 227 20
517 166 779 219 CARMINUM
878 207 880 212 .

224 277 257 329 25
319 275 397 326 Misit
408 274 560 326 furentem:
574 286 648 322 nunc
658 284 710 337 ego
721 271 834 321 mitibus

226 383 231 392 ,
318 344 430 396 Mutare
441 357 547 412 quaero
557 343 663 402 tristia;
679 340 745 390 dum
756 339 823 390 mihi

354 412 419 464 Fias
429 412 582 464 recantatis
593 411 683 460 amica

389 482 560 549 opprobriis,
572 480 748 546 animumque
761 477 871 530 reddas.

263 606 1035 650 mmwaw&mmmmmoewoewmmoemmmmmmmuxmm

483 712 622 786 ODE
655 710 810 784 XVII.

263 831 264 836 ’
365 840 436 889 nu
481 832 921 896 rrnfonuruam.

168 983 172 990 ¹
265 997 372 1050 Invitat
381 1016 442 1052 eam
452 1002 482 1049 in
491 995 672 1058 Lucretilem,
693 995 946 1052 mulleortendeno
958 1018 1039 1056 com-

439 1066 530 1128 moda,
541 1082 612 1135 quae
623 1083 657 1114 ex
667 1082 697 1114 eo
702 1065 848 1133 percipiet.

551 1196 651 1235 METR.
672 1196 742 1234 XVI.

241 1302 245 1309 ·
300 1256 408 1339 Velox
419 1299 565 1338 amoenum
576 1299 659 1351 saepe
670 1282 839 1336 Lucretilem

201 1377 212 1402 t
299 1355 394 1407 Mutat
401 1355 513 1421 Lycaeo
525 1354 646 1416 Faunus,
658 1358 687 1405 et
695 1355 807 1421 igneam

334 1425 470 1494 Defendit
481 1429 616 1476 aestatem
629 1424 743 1489 capellis
917 1485 920 1490 ¹

276 1538 285 1553 .
370 1495 461 1564 Usque
472 1497 551 1557 meis,
562 1494 725 1561 pluviosque
734 1496 841 1547 ventos.

240 1585 255 1638 5
298 1591 411 1656 Impune
421 1594 512 1640 tutum
524 1606 575 1656 per
586 1604 684 1642 nemus
696 1589 810 1640 arbutos
863 1609 865 1615 ·

300 1659 444 1720 Quaerunt
454 1657 574 1710 latentes
586 1663 614 1709 et
625 1657 723 1724 thyma
732 1657 828 1709 deviae

334 1727 442 1778 Olentis
453 1743 556 1779 uxores
566 1729 672 1790 mariti3

303 1827 308 1835 »
367 1795 425 1847 Nec
435 1797 539 1848 virides
550 1801 678 1848 metuunt
687 1797 824 1860 colubras,

298 1890 355 1944 Nec
365 1890 512 1943 Martiales
524 1891 678 1944 haeduleae
689 1893 783 1959 lupos:

224 1980 255 2014 ιο
298 1963 451 2028 Utcumque
462 1961 549 2015 dulci,
557 1960 694 2027 Tyndari,
705 1962 800 2013 fistula

333 2030 436 2093 Valles,
448 2038 477 2082 et
486 2032 596 2082 Usticae
606 2028 734 2082 cubantis

368 2100 454 2152 Levia
463 2115 635 2166 personuere
645 2100 721 2151 saxa.

297 2195 336 2247 Ili
347 2211 391 2247 me
401 2199 528 2246 tuentur:
545 2194 596 2244 Dis
606 2197 696 2261 pietas
707 2210 778 2258 mea,

298 2266 335 2317 Et
345 2266 427 2316 Musa
438 2265 513 2316 cordi
524 2269 575 2316 est.
596 2265 652 2315 llic
662 2265 804 2331 tibicopia

224 2332 253 2386 15
332 2335 459 2386 Manubit
470 2334 627 2399 adplenum
639 2335 762 2400 benigno.

366 2403 449 2454 Ruris
458 2403 594 2454 honorum
606 2402 739 2469 opulenta
749 2419 844 2457 cornu.

297 2497 353 2548 Hic
362 2499 391 2547 in
403 2497 516 2548 reducta
526 2497 599 2549 valle
611 2498 762 2555 caniculae

297 2565 403 2617 Vitabis
414 2571 515 2628 aestus,
526 2571 555 2618 et
564 2567 620 2618 lide
629 2569 700 2619 Teia

331 2634 416 2685 Dices
427 2635 586 2688 laborantes
595 2638 624 2686 in
636 2651 692 2691 uuo

218 2721 251 2755 20
364 2702 533 2771 Penelopen,
541 2706 714 2772 vitreamque
725 2705 832 2760 Circen.
