2084 3075
223 193 273 247 1⁷o
348 189 350 194 ⁴
456 180 745 236 SATYRARUM

219 298 256 350 Et
265 297 367 348 vixisse
376 289 491 359 probos,
502 286 603 353 amplis
614 289 643 335 et
651 280 807 333 honoribus
818 285 937 330 auctos.

221 369 337 426 Contra,
347 363 500 414 Laevinum
509 356 607 407 Valeri
618 366 720 420 genus,
730 350 805 400 unde
816 348 971 414 Superbus

220 435 390 501 Tarquinius
401 444 487 496 reguo
498 425 594 492 pulsus
606 422 691 488 fugit,
702 421 784 468 unius
795 419 872 467 assis

220 504 283 556 Non
295 515 425 570 umquam
436 498 525 564 pretio
535 493 623 559 pluris
633 491 759 550 licuisse3
775 491 901 537 notante

182 574 212 625 15
222 574 330 634 iudice,
340 585 394 639 quo
406 568 492 626 nosti,
503 562 620 630 populo;
636 560 683 627 qui
693 556 796 608 stultus
809 554 941 606 honores
958 553 963 562 ’

223 642 311 709 Saepe
323 642 371 691 dat
381 637 513 702 indignis,
525 639 553 683 et
565 630 655 680 famae
666 628 752 677 servit
761 627 895 689 ineptus3
986 625 992 636 “

223 705 278 774 Qui
289 714 382 774 stupet
391 709 419 755 in
429 704 532 763 titulis,
542 705 571 751 et
580 697 755 763 imaginibus.
777 693 856 753 Quid
866 697 984 759 oportet

222 782 279 833 Nos
290 779 396 836 facere,
406 789 423 823 a
432 773 515 838 vulgo
525 770 620 835 longe,
631 766 771 831 longeque
780 760 933 812 remotos}

223 849 348 913 Namque
360 849 434 904 esto,
445 839 564 907 populus
574 837 696 886 Laevino
708 832 806 883 mallet
817 829 971 891 honorem,

181 933 215 967 20
224 920 312 979 Quam
323 913 411 963 Decio
423 910 556 960 mandare
568 920 650 966 novo,
667 915 823 967 censorque
835 903 966 950 moveret

223 986 339 1050 Appius,
350 984 470 1048 ingenuo
481 981 504 1028 si
516 992 571 1027 non
582 989 670 1025 essem
681 977 763 1037 patre
774 974 873 1019 natus:

223 1053 276 1104 Vel
287 1054 396 1111 merito,
406 1050 536 1115 quoniam
543 1048 571 1094 in
578 1044 748 1110 proprianon
756 1038 831 1105 pelle
838 1040 989 1104 quiessem.

224 1122 281 1173 Sed
291 1121 415 1187 fulgente
425 1115 512 1165 trahit
522 1114 689 1163 constrictos
698 1110 791 1176 gloria
800 1123 891 1158 curru

224 1191 287 1244 Non
298 1191 387 1241 minus
398 1189 507 1254 ignotos
518 1183 670 1250 generosis.
691 1180 753 1239 Quo
762 1178 829 1237 tibi,
840 1176 925 1238 Tilli,

184 1262 217 1313 25
227 1262 342 1314 Sumere
354 1256 510 1324 depositum
521 1249 646 1302 olavuml
661 1250 776 1314 fierique
786 1244 926 1296 tribuno}

226 1332 334 1384 Invidia
344 1326 475 1385 accrevit,
486 1322 593 1388 privato
605 1334 676 1386 quae
687 1319 777 1367 minor
787 1319 873 1366 esset.

138 1414 141 1418 ’
226 1401 298 1453 Nam
313 1398 476 1463 utquisque
491 1393 605 1440 insanus
622 1389 710 1455 nigris
725 1385 850 1436 medium
861 1382 991 1450 impediit

644 1472 707 1509 orus

228 1541 365 1600 Pellibus,
376 1543 405 1589 et
414 1536 502 1587 latum
513 1529 624 1583 demisit
633 1532 746 1593 pectore
756 1524 883 1588 clavum3

228 1608 461 1658 Auditeontinuo:
473 1596 688 1671 quishomobicl
700 1589 989 1663 et,quopatrenatusl

187 1679 220 1727 30
229 1675 265 1722 ut
274 1676 297 1721 si
309 1675 355 1738 qui
366 1676 506 1737 aegrotet,
518 1685 572 1737 quo
584 1669 679 1718 morbo
690 1666 808 1726 Barrus,
819 1661 923 1713 baberi

228 1741 266 1790 Ut
275 1742 368 1804 cupiat
379 1738 529 1789 formosus:
546 1743 592 1789 eat
602 1749 786 1803 quacumque,
797 1732 904 1798 puellis

229 1808 339 1863 lniiciat
348 1822 443 1858 curam
455 1806 606 1874 quaerendi
618 1804 740 1872 singula;
755 1802 830 1870 quali

231 1878 274 1931 sit
285 1877 369 1940 facie,
380 1892 458 1938 sura,
469 1876 545 1943 quali
555 1877 638 1942 pede,
649 1875 744 1934 dente,
756 1866 873 1937 capillo:

231 1949 277 2000 Sic
288 1950 333 2016 qui
345 1948 495 2015 promittit,
506 1948 592 2005 cives,
603 1945 704 1995 Urbem
716 1944 767 1993 sibi
779 1955 876 2003 curae,

189 2020 222 2071 55
231 2019 380 2084 Imperium
392 2015 464 2077 fore,
475 2020 503 2065 et
512 2015 634 2074 ltaliam,
646 2013 762 2063 delubra
772 2011 914 2073 Deorum3

232 2089 295 2150 Quo
304 2092 383 2153 patre
394 2086 431 2135 sit
442 2088 533 2143 natus,
543 2098 607 2132 uum
619 2084 714 2149 ignota
724 2085 813 2131 matre
819 2077 991 2138 inhonestus,

233 2159 337 2209 Omnes
347 2153 479 2204 mortales
489 2166 603 2211 curare,
614 2157 642 2202 et
652 2165 786 2218 quaerere
796 2150 881 2215 cogit.

232 2229 328 2287 Tune,
339 2222 417 2290 Syri,
427 2221 547 2288 Damae,
559 2226 608 2271 aut
618 2220 737 2286 Dionysi
748 2219 836 2281 lilius,
847 2217 937 2268 audes

233 2295 363 2348 Deiicere
373 2308 389 2344 e
399 2306 468 2341 sano
480 2291 566 2349 cives,
578 2295 627 2339 aut
636 2289 749 2341 tradere
763 2285 889 2338 Cadmei

193 2367 226 2419 40
234 2368 269 2417 nt
279 2364 382 2415 Novius
393 2361 503 2426 collega
512 2360 600 2425 gradu
611 2365 674 2424 post
684 2373 728 2409 me
740 2358 820 2410 sedet
829 2371 901 2417 un03

233 2433 360 2497 Namque
375 2439 419 2480 est
433 2429 495 2490 ille,
510 2432 590 2492 pater
606 2429 752 2491 quoderat
762 2441 848 2477 meus.
859 2425 936 2476 ‘Hoc
945 2424 991 2475 tibi

647 2494 771 2556 Paullus,

234 2565 271 2615 Et
279 2565 402 2615 Messala
410 2561 533 2615 videris?
546 2565 583 2613 Atv
591 2562 648 2623 bic,
659 2565 682 2611 si
694 2563 803 2627 plostra
812 2562 945 2624 ducenta,

236 2633 462 2696 Concurrentque
472 2631 547 2680 Foro
557 2632 613 2679 tria
623 2629 735 2690 funera,
745 2645 847 2697 magna
858 2633 976 2693 sonabit,

141 2746 146 2761 ,
237 2697 992 2763 Cornuaquodrincatquetubuszsultsmtenethocnos.
