2084 3075
222 197 271 251 156
450 193 739 250 SATYRARUM

219 300 368 353 Delassare
378 299 473 353 valent
482 298 609 352 Fabium.
628 298 707 351 Note
718 313 826 362 morer,
837 301 922 364 audi,

179 372 349 432 astruerem
361 367 504 421 deducam.
525 368 555 420 Si
565 371 627 436 quis
637 367 732 432 Deus,
744 385 779 421 en
789 384 858 435 ego,
872 371 965 433 dicat,

218 440 276 498 lam
287 437 386 488 faciam
398 439 471 505 quod
480 436 578 487 vultis:
589 439 645 489 eris
655 442 699 500 tu,
710 440 757 506 qui
768 438 853 488 modo
864 441 964 501 miles,

218 508 371 558 Mercator:
385 511 428 569 tu,
440 506 583 558 consultus
593 505 688 567 modo,
699 508 834 556 rusticus:
844 506 917 558 hinc
925 523 983 569 vos,

180 635 183 640 ¹
217 575 275 626 Vos
285 575 349 626 hino
358 577 471 626 mutatis
483 575 617 627 discedite
626 576 759 641 partibus.
780 574 846 625 Eia!

218 644 291 707 Quid
302 643 400 696 statis?
415 644 511 695 nolint.
529 646 613 712 Atqui
625 644 691 695 lieet
701 658 761 694 esse
771 643 873 694 beatis.

175 733 209 767 πο
219 714 292 777 Quid
303 728 417 765 caussae
428 719 483 775 est,
494 715 593 765 merito
604 714 671 779 quin
681 712 736 762 illis
746 711 855 777 Iupiter
864 716 965 767 ambas

218 784 309 833 lratus
322 784 423 833 buccas
433 782 525 846 inflet3
539 797 628 849 neque
639 797 669 832 se
680 777 741 832 iore
751 780 870 846 posthac

218 852 289 902 Tam
301 849 410 905 facilem
421 852 508 914 dicat,
518 853 590 901 votis
600 854 632 899 ut
640 850 774 916 praebeat
786 849 906 901 eurem!

218 918 381 971 Praeterea:
398 923 448 982 (ne
459 921 511 983 sic,
522 925 554 970 ut
564 920 611 986 qul
622 917 769 980 iocularia,
779 919 878 970 ridens
1037 983 1038 986 Ἴ

139 987 143 1002 “
218 987 395 1040 Percurram:
411 1003 576 1056 quamquam
587 987 725 1040 ridentem
737 987 830 1039 dicere
841 1004 944 1040 verum
1037 999 1038 1006 ’

175 1056 209 1108 25
219 1058 292 1119 Quid
301 1056 393 1108 retati
408 1064 439 1107 ut
448 1060 542 1121 pueris
552 1057 618 1107 olim
630 1055 698 1106 dant
708 1057 833 1106 crustula
843 1057 945 1110 blaudi

218 1126 368 1187 Doctores,
380 1125 518 1176 elementa
527 1125 614 1176 velint
623 1130 655 1175 ut
665 1126 771 1176 discere
782 1126 882 1190 prima.

219 1194 274 1246 Sed
284 1200 377 1245 tamen
387 1199 480 1245 amoto
492 1209 659 1261 quaeramus
670 1194 744 1244 seria
752 1193 846 1256 ludo.)

216 1264 283 1327 ille,
292 1279 403 1331 gravem
416 1265 485 1315 duro
497 1270 602 1315 terram
614 1264 661 1330 qui
672 1263 756 1313 vertit
766 1267 877 1329 aratr03

217 1332 362 1385 Praelidus
373 1332 417 1383 hic
428 1347 525 1397 campo
535 1333 628 1395 milen
639 1337 805 1398 nautaeque,
814 1347 867 1397 per
878 1349 960 1387 omne

175 1399 209 1448 50
218 1402 342 1453 Audaces
354 1416 430 1452 mare
441 1403 487 1467 qui
498 1405 627 1463 currunt3
643 1400 695 1451 hac
705 1406 797 1452 mente
808 1400 938 1455 laborem

219 1468 285 1523 Sese
297 1470 384 1535 ferre,
395 1486 475 1523 senes
487 1475 518 1520 ut
529 1471 558 1520 in
569 1470 628 1520 otia
637 1474 700 1519 tuta
710 1469 852 1532 recedant,

217 1542 314 1603 Aiunt,
326 1557 410 1608 quum
421 1543 473 1593 sibi
484 1543 541 1592 sint
550 1544 682 1606 congesta
692 1540 810 1591 cibaria:
825 1542 901 1592 siout

128 1639 134 1651 .
216 1606 346 1668 Parvula,
357 1624 420 1657 narn
432 1609 558 1675 exemplo
569 1613 612 1661 est
622 1607 974 1675 magni,formica‚laboris‚

218 1674 273 1723 Ore
285 1674 372 1723 trahit
381 1675 574 1745 quodcumque
584 1682 685 1745 potest,
692 1679 861 1744 atqueaddit
867 1695 973 1742 acervo,

174 1738 208 1790 55
218 1742 306 1802 Quem
317 1745 413 1806 struit,
427 1743 501 1797 haud
512 1750 623 1813 ignara,
639 1761 672 1796 ac
682 1763 737 1797 non
749 1748 863 1798 incauta
876 1748 971 1798 futuri.

220 1811 307 1872 Quae,
318 1811 401 1861 simul
411 1814 550 1866 inversum
563 1817 851 1883 contristatAquarius
862 1810 972 1880 annunt,

218 1879 281 1931 Non
291 1895 407 1948 usquam
416 1886 552 1951 prorepit3
567 1890 596 1936 ct
604 1884 661 1935 illis
671 1887 759 1934 utitur
770 1890 836 1937 unte

219 1950 358 2011 Quaesitis
368 1955 488 2016 patiens:
507 1970 593 2020 quum
604 1959 632 2005 te
642 1970 732 2020 neque
743 1954 868 2005 fervidus
880 1961 973 2007 aestus

217 2016 972 2089 Demoreatlucro;nequehiems‚ignis‚nrare‚ferrum;

174 2081 208 2135 40
218 2087 264 2140 Nil
275 2087 366 2140 obstet
375 2090 437 2151 tibi,
449 2090 514 2140 dum
527 2107 561 2141 ne
570 2094 607 2143 sit
617 2096 645 2142 te
656 2093 740 2147 ditior
750 2092 831 2143 alter.

218 2157 291 2219 Quid
300 2160 388 2217 iuvat,
403 2161 567 2209 immensum
579 2164 607 2213 te
618 2163 727 2227 argenti
738 2160 859 2226 pondus,
872 2168 902 2214 et
912 2166 972 2215 auri

217 2226 325 2278 Furtim
336 2225 447 2276 defossa
457 2227 585 2278 timidum
597 2230 734 2294 deponere
745 2229 841 2280 terrai

217 2296 310 2357 Quod,
321 2297 344 2345 si
356 2298 537 2359 comminues,
548 2298 631 2349 rilem
641 2299 785 2366 redigatur
796 2299 945 2352 adessem.

216 2366 263 2427 nt,
283 2366 312 2413 ui
330 2365 360 2416 id
378 2366 423 2427 lit,
443 2366 510 2433 quid
530 2365 615 2417 habet
632 2367 937 2470 pulchriieonstructus

628 2448 757 2487 acervus.

174 2503 207 2555 45
216 2499 308 2550 Millia
318 2500 450 2552 frumenti
460 2508 510 2551 tue
519 2503 630 2553 triverit
640 2517 707 2554 area
716 2508 842 2568 centum3

215 2566 277 2617 Non
287 2571 352 2615 tuus
362 2566 415 2619 hoc
424 2573 515 2636 capiet
524 2574 622 2620 venter
632 2570 708 2634 plus,
718 2587 751 2623 ac
762 2588 854 2624 meus:
869 2581 904 2626 ut
913 2578 938 2628 si

215 2632 371 2684 Reticulunr
382 2639 459 2700 panis
468 2636 580 2687 venales
589 2639 663 2687 inter
671 2644 772 2689 onusto

215 2701 300 2751 Forte
309 2699 393 2750 vehas
403 2701 531 2765 humero;
545 2702 632 2754 nihilo
640 2704 703 2769 plus
713 2709 850 2774 accipias,
860 2725 944 2778 quem
