2084 3075
276 188 311 246 20
528 169 789 228 CARMINUM
888 207 891 210 ,

235 293 267 345 25
330 287 409 339 Misit
418 285 571 337 furentem:
585 291 659 329 nunc
669 288 721 341 ego
732 271 845 324 mitibus

237 399 243 408 ,
329 358 442 409 Mutare
453 364 558 421 quaero
568 348 675 407 tristia3
691 343 757 394 dum
767 340 834 392 mihi

340 437 342 440 ’
366 425 431 477 Fias
441 420 594 476 recantatis
605 416 694 467 antica

401 490 573 561 opprobriis,
584 486 760 549 animumque
774 477 883 531 reddas.

276 604 1032 665 xmmmmmmmm

496 719 635 795 ODE
669 713 824 788 XVI-l.

380 852 451 901 nn
495 832 935 904 cun‘nanincu.

281 1011 388 1065 Invitat
397 1028 457 1063 eam
468 1012 497 1060 in
507 1001 688 1063 Lucretilem,
708 998 797 1050 mulla
807 996 958 1049 ostendens
968 1011 1034 1049 com·

455 1076 546 1136 moda,
557 1089 628 1143 quae
639 1089 673 1120 ex
683 1087 713 1119 eo
718 1066 864 1137 percipiet.

568 1204 668 1243 METR.
689 1200 758 1238 xvl.

259 1318 262 1325 ’
317 1270 425 1352 Velox
436 1308 582 1347 amoenum
593 1304 676 1357 saepe
687 1285 856 1339 Lucretilem

219 1393 230 1418 x
317 1369 411 1421 Mutat
419 1367 532 1432 Lycaeo
542 1362 664 1422 Faunus,
675 1364 704 1410 et
713 1359 824 1424 igneam

353 1436 488 1490 Defendit
499 1437 635 1486 aestatem
646 1428 762 1495 capellis
933 1482 937 1487 Ι

295 1553 304 1568 .
388 1501 481 1575 Usque
491 1506 570 1566 meis,
579 1501 743 1568 pluviosque
753 1498 860 1549 ventos.

259 1601 274 1653 5
317 1604 431 1669 Impune
440 1606 532 1651 tutum
544 1613 594 1664 per
606 1609 703 1648 nemus
716 1592 829 1643 arbutos
883 1609 885 1613 ·

320 1673 464 1734 Quaerunt
474 1666 594 1718 latentes
605 1670 634 1716 et
644 1661 742 1727 thyma
751 1660 848 1712 deviae

354 1740 463 1790 Olentis
474 1750 575 1786 uxores
587 1733 692 1794 mai-iti3

324 1841 329 1849 ,
388 1807 447 1859 Nec
455 1805 559 1855 virides
570 1804 698 1852 metuunt
708 1799 845 1861 colubras,

319 1903 377 1956 Nec
387 1900 534 1953 Martiales
546 1894 699 1948 haeduleae
710 1895 804 1961 lupos:

246 1995 277 2029 ιο
319 1976 473 2038 Utcumque
484 1968 571 2020 dulci,
579 1964 715 2032 Tyndari,
726 1964 822 2016 fistula

355 2041 458 2103 Valles,
470 2046 499 2090 et
508 2038 618 2088 Usticae
629 2033 756 2086 cubantis

390 2110 477 2161 Levia
486 2120 657 2173 personuere
668 2105 744 2154 saxa.

320 2207 359 2259 Di
371 2221 414 2257 me
425 2207 552 2255 tuentur:
568 2200 620 2250 Dis
629 2202 719 2266 pietas
730 2212 801 2260 mee,

321 2278 359 2329 Et
368 2276 450 2327 Musa
461 2272 537 2325 cordi
548 2275 599 2322 est.
619 2270 676 2321 Hic
686 2267 736 2318 tihi
747 2269 828 2333 copia

248 2346 277 2400 15
356 2345 484 2398 Manabit
494 2342 529 2392 ad
540 2341 652 2405 plenum
663 2338 786 2404 benigno.

391 2415 473 2464 Ruris
482 2411 618 2462 hunorum
630 2406 763 2474 opulenta
773 2419 868 2459 cornu.

322 2509 377 2560 Hic
387 2509 416 2557 in
428 2506 542 2558 reducta
551 2504 624 2556 valle
636 2501 787 2558 Caniculae

323 2578 429 2628 Vitabis
439 2582 541 2637 aestus,
552 2579 580 2625 et
590 2573 645 2623 lide
655 2573 725 2623 Teia

357 2646 442 2696 Dices
453 2645 612 2697 laborantes
622 2644 651 2691 in
662 2655 718 2693 uno

245 2736 278 2770 20
391 2713 559 2780 Penelopen,
568 2714 740 2777 vitreamque
751 2709 859 2762 Circen.
