2084 3075
211 147 259 199 ros
460 137 717 193 cirninum
763 205 766 209 Δ

279 247 372 301 Multa
382 247 533 297 Dircaeum
544 243 619 294 levat
630 257 699 292 aura
709 257 837 309 cycnum,

279 318 395 379 Tendit,
405 316 520 375 Antoni,
531 314 640 380 quoties
651 313 679 361 in
690 311 762 362 altos

280 387 401 439 Nubium
411 389 531 435 tractus:
546 397 598 449 ego
604 419 612 444 ‚
623 383 682 448 apis
692 381 817 433 Matinae

348 457 443 516 More,
453 451 600 518 modoque,

223 595 227 600 ·
280 565 368 616 Grata
378 565 516 629 carpentis
527 559 625 627 thyma
633 574 683 625 per
694 558 820 610 laborem
869 611 873 617 ,

278 634 447 694 Plurimum,
458 634 532 682 circa
541 644 653 691 nemus,
663 629 795 694 uvidique

279 703 393 755 Tiburis
403 704 478 767 ripas
488 713 607 765 operosa
617 707 719 764 parvus

349 772 571 836 Carminalingo.

280 879 415 929 Concines
426 878 532 928 maiore
542 880 626 942 poeta
635 874 742 941 plectro

281 949 428 999 Gaesarem
434 984 442 1009 ,
453 947 619 1014 quandoque
630 943 724 995 trahet
734 944 843 998 feroces

279 1015 333 1067 Per
344 1031 452 1067 sacrum
465 1015 586 1077 Clivum,
595 1015 697 1065 merita
706 1014 824 1067 decorus

349 1084 473 1146 Fronde,
483 1084 665 1151 Sygambros:

279 1194 341 1255 Quo
352 1191 422 1243 nihil
432 1193 537 1254 maius,
547 1192 681 1243 meliusve
691 1194 775 1244 terris

280 1264 350 1314 Fata
361 1262 512 1323 donavere,
522 1262 643 1327 bonique
655 1261 732 1325 Divi3

274 1332 335 1392 ,Nec
347 1331 464 1391 dabunt,
475 1332 600 1397 quamvis
611 1331 728 1383 redeant
738 1333 768 1382 in
777 1346 878 1385 aurum

347 1401 487 1465 Tempora
497 1401 626 1466 priscum.

239 1565 241 1568 ,
278 1511 413 1562 Concines
424 1507 570 1576 laetosque
581 1507 654 1571 dies,
666 1513 695 1562 et
705 1509 788 1562 Urbis
891 1557 894 1559 ,

278 1579 423 1630 Publicum
434 1577 545 1640 ludum,
556 1593 640 1644 super
650 1580 801 1645 'serpetrato
888 1612 892 1617 -

278 1648 371 1698 Fortis
381 1648 499 1713 Augusti
510 1648 616 1710 reditu3
632 1647 792 1715 Forumque

347 1714 457 1765 Litihus
467 1717 574 1765 orbum.

171 1831 176 1844 '
277 1825 351 1876 Tum
362 1839 454 1886 meae,
465 1824 489 1874 si
499 1823 565 1890 quid
575 1822 674 1890 loquar
684 1826 863 1891 audiendum,

278 1893 361 1945 Vocis
372 1895 487 1946 accedet
497 1895 571 1945 bona
581 1910 659 1959 pars:
673 1901 714 1957 et,
726 1909 742 1946 o
753 1895 803 1948 Sol

279 1963 412 2025 Pulcher,
424 1978 440 2013 o
451 1964 604 2026 laudande,
616 1979 726 2028 canam,
737 1971 850 2032 recepto

349 2033 467 2083 Caesare
479 2031 556 2084 felix.

279 2139 391 2206 Tuque,
403 2135 468 2187 dum
478 2139 618 2203 procedis,
628 2142 659 2191 lo
668 2136 822 2207 triumphe!

279 2208 342 2259 Non
353 2206 439 2257 semel
451 2207 587 2270 dicemus,
598 2211 627 2260 lo
639 2210 790 2275 triumphe!

281 2277 384 2326 Civitas
397 2278 500 2340 omnis;
517 2276 699 2347 dabimusque
711 2279 789 2330 Diris

349 2344 446 2417 Thura
455 2345 590 2413 benignis.

278 2451 321 2501 Te
332 2448 427 2500 decem
437 2453 521 2513 tauri,
532 2455 705 2523 totidemque
716 2472 831 2521 vaccae3

278 2517 326 2566 Me
337 2521 416 2568 tener
427 2519 516 2570 solvet
526 2523 643 2585 vitulus,
653 2524 754 2575 relicta

279 2583 385 2646 Matre,
396 2588 444 2650 qui
455 2586 542 2651 largis
552 2592 705 2642 iuvenescit
715 2592 808 2644 herbis

348 2652 380 2707 ln
388 2667 451 2704 mea
459 2658 537 2717 rota3
