2084 3075
234 134 269 191 ⁷2
485 122 749 180 CARMINUM

270 237 375 290 Contra
383 235 530 286 sonantem
539 228 664 282 Palladis
676 226 776 294 acgida

268 301 530 361 Possentrue‘ntesl
545 300 621 351 Hinc
631 297 728 349 avidus
738 298 818 348 stetit

304 374 459 438 Vulcanus3
474 373 539 423 hinc
549 375 679 420 matrona
688 369 767 430 luno,
776 371 806 418 et

191 444 225 496 60
339 442 496 511 Numquam
508 439 633 491 humeris
643 439 788 503 positurus
802 450 909 502 arcum,

214 598 217 602 ,
269 558 323 619 Qui
334 571 398 607 rore
410 568 479 620 puro
492 548 632 602 Castaliae
642 546 712 600 lavit

270 628 367 677 Crines
377 624 496 685 solutos3
513 622 560 687 qui
570 619 676 686 Lyciae
686 623 765 671 tenet

303 695 435 755 Dumeta,
446 690 626 757 natalemque
637 688 746 752 silvam,

340 762 440 815 Delius
451 766 481 813 et
489 760 627 812 Patareus
637 757 746 824 Apollo.

192 879 226 933 65
269 874 318 928 Vis
329 875 429 927 consili
438 887 538 940 expers
548 870 623 922 mole
631 871 691 919 ruit
700 884 765 920 sua:

270 945 332 996 Vim
341 949 525 1013 temperatam
535 942 574 992 Di
583 954 694 1009 quoque
704 936 867 1005 provehunt·

238 1057 243 1066 .
304 1014 337 1066 ln
348 1017 449 1065 maius:
464 1014 539 1064 idom
551 1011 719 1063 orlerevires
736 1031 739 1034 ¹

341 1083 429 1134 Omne
440 1081 519 1142 nebo
532 1083 624 1130 animo
634 1084 786 1132 moventes.

271 1194 364 1245 Testis
375 1206 499 1242 mearum
511 1192 684 1242 centimanus
698 1190 794 1257 Gyges

193 1282 226 1334 7⁰
271 1262 494 1323 Sententiarum
511 1265 594 1310 notus
606 1265 634 1312 et
643 1263 769 1328 integrae

308 1333 446 1383 Tentator
456 1329 544 1379 Orion
555 1329 673 1393 Dianae,

339 1398 473 1467 Virginea
483 1399 607 1449 domitus
617 1400 728 1465 sagitta.

269 1511 376 1567 iniecta
385 1512 518 1564 monstris
529 1512 620 1564 Terra
631 1510 709 1563 dolet
718 1510 791 1574 suis3

269 1584 435 1647 Maeretque
447 1587 545 1646 partus
556 1581 673 1632 fulmine
684 1580 809 1631 luridum

191 1652 224 1724 75
303 1652 407 1705 Missos
416 1650 452 1700 ad
463 1651 579 1702 Orcum:
596 1666 647 1702 nec
657 1649 767 1718 peredit
778 1666 780 1668 ·

338 1721 500 1786 impositam
512 1719 587 1771 celer
597 1722 670 1787 ignis
679 1721 808 1772 Aetnam:

268 1829 469 1885 lucontinentis
480 1845 533 1882 nec
543 1832 620 1896 Tityi
631 1833 710 1882 iecur

268 1900 412 1966 Relinquit
421 1899 488 1963 ales,
498 1901 640 1968 nequitiae
651 1899 763 1953 additus

306 1970 419 2039 Custos:
436 1975 591 2023 amatorem
601 1976 745 2024 trecentae

192 2038 225 2090 80
339 2037 497 2107 Pirithoum
509 2040 639 2093 cohibent
649 2045 774 2093 catenae.
