2084 3075
446 124 703 178 cirninum

351 329 355 330 f
407 278 507 349 01)
532 278 569 351 Ε
621 276 746 350 ΧΧΙ.

332 402 407 451 ΔΒ
445 400 816 451 AMPHORAM.

488 502 657 515 ——n

193 562 288 614 Iocone
299 576 359 613 eam
369 561 505 621 adriana,
518 568 549 609 ut
559 561 652 610 vinum
661 568 800 618 vetustum
808 560 838 613 in
845 562 960 616 Corvini

437 628 564 698 gratiam
574 626 710 693 effundat.

479 761 578 799 METR.
598 760 666 798 xvi.

232 811 347 899 Ouala
358 864 467 901 meeum
478 848 592 899 consule
602 846 719 910 Manlio,

231 916 286 967 Seu
296 921 327 967 tu
338 919 476 983 querelas,
486 919 543 970 sive
554 918 628 985 geris
636 918 723 977 iocos,

265 983 321 1036 Seu
332 987 430 1048 rixam,
441 991 470 1037 et
479 989 592 1037 insanos
603 1000 721 1047 amores,

300 1053 356 1105 Seu
366 1053 485 1115 facilem,
496 1057 543 1119 pia
552 1060 636 1117 testa,
645 1068 786 1119 somnum3

169 1142 186 1196 5
231 1139 411 1204 Quocumque
420 1138 524 1189 lectum
534 1141 646 1190 nomine
655 1140 807 1191 Massicum

231 1207 339 1270 Servos,
350 1210 454 1258 moveri
466 1208 551 1274 digna
560 1209 633 1259 bono
646 1208 704 1272 ‹lie3

265 1276 419 1337 Descende,
431 1276 548 1326 Corvino
559 1278 681 1340 iubente,

303 1344 436 1396 Promere
447 1345 625 1412 languidiora
633 1348 705 1397 rina

229 1432 291 1486 Non
301 1431 359 1494 ille,
370 1446 539 1499 quamquam
549 1431 700 1483 Socraticis
710 1432 805 1485 madet
817 1422 820 1430 ’

154 1525 186 1559 ιο
230 1502 418 1564 Semonibus,
429 1506 457 1553 te
468 1502 592 1570 negliget
602 1499 746 1561 horridus:

264 1570 402 1620 Narratur
411 1577 440 1621 et
449 1574 532 1638 prisci
545 1572 658 1620 Catonis
741 1617 743 1621 .

299 1637 388 1704 Saepe
398 1655 476 1691 mero
487 1641 606 1691 caluisse
615 1641 713 1690 virtus.
773 1667 780 1671 -

230 1723 275 1772 Tu
285 1722 348 1774 lene
358 1728 530 1776 tormentum
540 1728 651 1791 ingenio
663 1725 795 1779 admoves

229 1791 397 1860 Plerumque
408 1793 490 1843 duro:
505 1799 537 1843 tu
547 1796 713 1859 sapientium

154 1859 186 1913 15
265 1861 360 1925 Curae,
372 1866 400 1913 el
410 1877 542 1915 arcarium
552 1864 647 1914 iocoso

301 1931 455 1994 Consilium
465 1935 570 2000 retegis
580 1932 691 1998 Lyaeo:

230 2016 275 2066 Tu
284 2029 359 2082 spem
368 2018 479 2068 reducis
491 2019 630 2069 mentibus
641 2021 740 2083 anxiis,

229 2084 377 2151 Viresque3
393 2091 422 2135 et
431 2085 510 2138 addis
521 2102 625 2137 oornue
635 2092 760 2155 pauperi,

263 2153 332 2204 Post
340 2159 370 2205 te
381 2168 470 2219 neque
481 2156 569 2205 iratos
579 2160 711 2208 trementi

151 2229 185 2265 20
203 2280 206 2284 A
297 2223 404 2290 Regum
415 2223 515 2288 apices,
527 2239 617 2293 neque
627 2227 747 2279 rnilitum
758 2243 844 2281 arma.

228 2307 270 2358 Te
279 2307 371 2370 Liber,
382 2313 419 2371 et,
430 2311 453 2358 si
465 2308 540 2362 laeta
550 2312 648 2374 aderit,
658 2311 761 2377 Venus,

228 2375 387 2442 Segnesque
397 2379 501 2428 nodum
512 2381 620 2432 solvere
632 2381 756 2445 Gratiae,

263 2441 402 2508 Vivaeque
412 2446 567 2510 producent
577 2448 719 2511 lueernee,

295 2508 371 2561 Dum
380 2512 491 2565 rediens
501 2515 582 2582 fugat
590 2521 667 2568 astra
675 2514 813 2573 Phoebus.
