2084 3075
330 166 482 223 trouu
506 169 563 224 lla

106 275 220 342 Insigne
230 275 347 331 maestis
354 275 524 341 praesidium
535 276 601 337 reis,

106 344 146 395 Et
155 343 322 408 consulenti,
330 329 431 407 Pollio,
442 344 551 395 curiae:

144 413 195 464 Cui
205 412 442 466 laurus-aeternos
450 413 573 465 honores

177 481 336 535 Dalmatico
346 485 455 552 peperit
464 478 614 549 triumpho,

105 586 166 638 lam
177 600 251 637 nunc
261 588 362 637 minaci
373 601 515 639 murmure
526 597 662 638 cornuum

105 654 279 721 Perstringis
291 670 386 708 aures:
401 659 457 708 iarn
468 657 533 708 litui
542 659 683 722 strepunt:

142 725 201 778 lam
212 722 306 791 fulgor
316 740 457 776 armorum
468 725 583 792 fugaces
671 725 673 728 ’

179 793 282 844 Terret
293 796 578 862 eques-equitumque
587 793 689 869 vultus.
826 805 860 838 20

108 896 212 949 Audire
222 909 338 964 magnos
348 899 404 949 iarn
414 897 512 950 videor
523 896 608 949 duces

107 965 171 1019 Non
181 966 315 1018 indecoro
325 966 440 1034 pulvere
450 966 589 1029 sordidos,

144 1035 181 1088 Et
191 1041 291 1087 cuncta
301 1042 443 1089 terrarum
454 1038 579 1099 subacto,

179 1103 297 1159 Praeter
307 1114 430 1160 atrocem
442 1110 567 1158 animum
576 1105 698 1158 Catonis.

107 1207 189 1270 Iuno,
200 1214 229 1259 et
237 1208 361 1262 Deorum
373 1213 499 1279 quisquis
509 1211 625 1262 amicior

108 1275 193 1339 Afris,
203 1278 292 1330 inulta
303 1286 427 1331 cesserat
437 1282 574 1346 impotens

146 1345 272 1410 Tellure3
288 1350 425 1399 victorum
436 1354 553 1414 nepotes

178 1413 299 1466 Rettulit
309 1416 425 1467 inferias
435 1416 596 1482 Iugurthae.

108 1516 180 1580 Quis
191 1532 248 1569 non
257 1516 361 1569 Latino
372 1491 507 1580 salignine
517 1515 648 1580 pinguior

108 1588 232 1650 Campus
243 1584 380 1648 sepulcris
391 1583 478 1647 impie
488 1580 598 1647 proelia

142 1653 291 1721 Testatur,
302 1650 483 1718 auditumque
494 1650 587 1702 Medis

181 1721 338 1788 Hesperiae
349 1721 470 1771 sonitum
481 1718 597 1772 ruinael
664 1774 666 1781 χ

109 1827 165 1887 Qui
175 1839 287 1892 gurges,
299 1828 348 1874 eut
358 1839 431 1891 quoe
439 1823 555 1877 flumine
565 1823 693 1892 lugubris

109 1896 211 1962 lgnara
220 1891 307 1945 bellil·
321 1894 396 1960 qood
407 1909 484 1945 rnare
495 1893 626 1944 Dauniae

147 1961 207 2015 Non
219 1963 416 2015 decoloravere
427 1960 546 2015 caedesl

181 2032 259 2095 Quae
270 2037 348 2084 earet
357 2047 408 2083 ora
419 2046 518 2082 cruore
529 2029 645 2082 nostrol

112 2133 171 2187 Sed
179 2149 223 2196 ne,
233 2135 350 2197 relictis,
360 2135 443 2185 Musa
452 2146 566 2200 precer,
577 2133 654 2194 iocis,

113 2204 187 2257 Ceae
196 2208 333 2255 retractes
341 2216 460 2255 munera
470 2204 582 2255 neniae:

147 2273 258 2327 Mecum
268 2272 396 2325 Dionaeo
407 2272 458 2323 sub
470 2276 551 2322 antro

182 2341 294 2408 Quaere
304 2342 403 2397 modos
413 2341 518 2394 leviore
529 2339 645 2408 plectro.
829 2346 863 2396 4ο

354 2553 524 2572 fi--u-
