2084 3075
230 124 280 177 136
500 117 720 173 EPODON

264 227 370 290 Quibus
380 225 528 291 superbam
539 224 612 291 fugit
620 223 681 273 ulta
690 221 828 290 pellicem,
854 251 862 257 -

298 296 394 362 Magni
406 295 536 346 Creontis
547 293 643 355 filiam,

187 372 220 427 65
264 367 356 429 Quum
367 365 454 432 palla,
465 365 530 414 tabo
540 379 640 413 munus
650 363 800 424 imbutum,
811 378 921 417 novam

298 435 430 487 lucendio
441 437 555 499 nuptam
565 430 698 483 abstulit!
837 481 839 496 A

264 508 347 572 Atqui
357 519 408 555 nec
417 503 515 564 herba,
526 517 577 552 neo
587 501 678 570 latens
687 503 716 552 iu
726 504 835 568 asperis

299 575 389 625 Radix
398 572 502 624 fefellit
511 587 555 622 me
565 570 643 622 locis.

264 645 399 698 indormit
408 644 499 694 unctis
510 642 632 692 omnium
642 639 778 692 eubilibus

187 738 218 791 70
299 713 444 764 Oblivione
455 713 594 778 pellicum.

263 782 321 834 Ha!
337 781 385 838 ha!
402 782 511 831 solutus
524 780 649 831 ambulat
657 781 797 832 veneficae

300 850 462 902 scientioris
473 849 612 901 carmine?

263 919 326 971 Non
338 921 463 982 usitatis,
473 918 560 980 Vare,
570 918 729 986 potionibus

299 990 339 1052 (0
349 989 438 1039 multa
448 988 581 1039 fleturum
593 989 686 1055 eaput!
691 1001 701 1051 )

187 1063 219 1131 75
263 1058 304 1110 Ad
315 1074 359 1107 me
369 1072 510 1118 recurres3
526 1073 578 1107 nee
587 1063 685 1109 vocata
694 1073 772 1111 mens
782 1065 836 1112 tua

298 1128 401 1177 Marsis
411 1125 513 1178 redibit
521 1128 643 1179 vocibus.

189 1227 191 1230 v
264 1198 356 1250 Maius
367 1196 483 1262 parabo,
494 1197 584 1248 maius
594 1197 741 1248 infundam
750 1199 802 1251 tibi

300 1266 616 1331 Fastidientiponulum.
754 1319 758 1322 ,

264 1337 400 1403 Priusque
413 1333 526 1385 Caelum
538 1334 612 1385 sidet
622 1336 739 1388 inferius
750 1340 833 1401 mari,

186 1409 220 1461 80
300 1406 415 1459 Tellure
426 1416 556 1471 porrecta
566 1420 658 1471 super,

264 1478 354 1540 Quam
365 1485 420 1526 non
431 1489 526 1526 amore
535 1478 577 1525 sie
587 1491 649 1526 meo
659 1476 774 1543 flagres,
784 1480 829 1527 uti

297 1546 430 1595 Bitumen
440 1547 508 1595 atris
519 1547 636 1612 ignibus.

264 1612 320 1664 Sub
332 1611 401 1662 haec
412 1627 493 1678 puer,
502 1616 558 1664 iam
570 1630 639 1679 non,
648 1621 680 1665 ut
690 1620 768 1678 aute,
778 1619 915 1673 mollibus

297 1681 400 1731 Lenire
410 1684 501 1732 verbis
511 1686 623 1750 impias3

175 1768 176 1771 ยน
186 1755 219 1808 85
264 1749 332 1811 Sed,
342 1749 441 1800 dubius
452 1753 525 1802 unde
535 1760 679 1819 rumperet
688 1756 840 1821 silentium,

298 1820 377 1871 Misit
386 1819 543 1886 Thyesteas
553 1838 657 1887 preces.

263 1887 388 1941 Venena!
404 1905 533 1957 magnum
544 1891 600 1954 fas,
611 1893 757 1961 nefasque,
768 1912 825 1948 nou
835 1898 932 1952 valent

299 1959 466 2011 Convertere
479 1959 626 2011 humanam
637 1963 743 2015 vicem}

263 2028 340 2079 Diris
350 2043 430 2096 agam
441 2029 580 2091 ros31dira
591 2030 742 2085 detestatio

186 2121 219 2173 90
297 2097 382 2148 Nulla
392 2099 520 2162 expiatur
531 2100 652 2152 victima.

263 2168 350 2230 Quin,
361 2166 407 2217 ubi
418 2168 509 2231 perire
520 2169 611 2220 iussus
623 2174 809 2238 exspiravero,

296 2236 456 2287 Nocturnus
465 2251 609 2290 occurram
621 2239 712 2305 furor3

262 2303 414 2374 Petamque
425 2307 518 2357 vultus
528 2309 626 2360 umbra
636 2312 727 2361 curvis
739 2313 893 2377 unguibus3

298 2376 392 2434 (Quae
402 2379 443 2425 ris
455 2378 580 2426 Deorum
591 2385 633 2428 est
643 2380 785 2441 Manium)

185 2446 219 2511 95
261 2440 439 2505 Etinquietis
450 2444 580 2494 adsidens
589 2448 769 2510 praecordiis,

297 2507 402 2559 Pavore
413 2526 524 2560 somnos
535 2513 669 2563 auferam.

262 2572 318 2622 Vos
328 2577 410 2624 turbu
419 2579 530 2626 vicatim
542 2577 617 2638 hino,
628 2586 657 2630 et
665 2580 730 2632 hinc
741 2585 816 2636 saxis
823 2593 935 2655 petens,

298 2640 455 2697 Contundet
464 2646 615 2698 obscaenas
624 2661 706 2698 anus:
