2084 3075
350 180 541 235 ursus.
774 167 848 245 137'

92 283 169 334 Post
177 283 317 349 insepulta
326 286 450 337 membra
460 286 667 357 differentlupi,

131 354 171 403 Et
179 353 344 419 Exquiiiuae
355 355 445 406 alites.
549 355 551 358 ’
835 384 880 418 100

90 421 195 488 Neque
206 421 259 473 hoe
267 429 408 489 parentes,
420 424 473 476 heu
484 425 552 477 mihi
563 431 739 494 superstites!

129 488 271 557 Effugcrit
279 493 475 559 spectaculum.

48 619 812 664 ,00000000000000006000000000000

317 728 456 801 oss
494 729 565 826 m.

167 846 226 898 ΙΝ
247 851 452 900 esserum
475 845 706 904 seuerum.

355 955 522 965 ——v-—n—

71 1008 180 1058 Poetae
191 1008 333 1074 maledico,
344 1020 372 1061 et
377 1010 522 1081 petulanti
531 1012 653 1068 minatur
663 1011 800 1064 ultionem.
861 1068 864 1072 ,

350 1144 449 1183 METR.
469 1146 528 1184 xn.

96 1194 185 1293 Quid
195 1233 372 1285 immerentes
382 1233 506 1300 hospites
515 1246 612 1294 vexas,
623 1236 708 1294 canis,

128 1300 246 1365 ignavus
258 1302 401 1354 adversum
413 1301 512 1369 lupos't

93 1367 168 1429 Quin
177 1368 349 1433 bucinarum,
359 1375 383 1422 si
393 1377 485 1438 potes,
495 1373 582 1423 vertis
594 1372 697 1431 miuss3

127 1438 163 1487 Et
173 1454 216 1488 me
225 1455 414 1489 remorsurum
425 1443 497 1505 petis

92 1506 177 1568 Nam,
187 1506 278 1572 qualis
288 1512 337 1556 aut
346 1507 500 1570 Molossus,
511 1514 560 1558 aut
571 1508 663 1560 fulvus
672 1508 784 1570 Lacum,
826 1516 841 1568 5

130 1577 223 1624 Amica
232 1576 273 1623 vis
283 1577 449 1638 pastoribus,

91 1650 180 1710 Agsm
190 1657 240 1708 per
250 1641 322 1693 altas
333 1659 401 1694 aure
412 1646 524 1696 sublata
533 1649 618 1710 nives,

129 1711 325 1776 Quaecumque
335 1711 484 1777 praecedet
494 1714 563 1765 fera.

93 1784 152 1842 Tu,
162 1796 246 1847 quum
259 1781 384 1842 timenda
393 1795 460 1832 voce
472 1785 617 1851 complesti
628 1800 734 1848 nemus,

128 1850 285 1901 Proiectum
297 1851 424 1901 odoraris
436 1851 536 1903 cibum.
828 1878 857 1912 10

97 1922 178 1982 Cave,
190 1934 267 1971 cave:
282 1935 402 1987 namque
411 1921 440 1969 in
452 1920 540 1970 malos
553 1922 723 1985 asperrimus

126 1989 228 2041 Parata
238 1989 308 2041 tollo
319 2004 437 2052 cornua3

96 2059 189 2120 Qualis
200 2059 360 2125 Lycambae
372 2064 483 2124 spretus
493 2059 579 2110 infido
588 2073 682 2126 gener,

129 2134 182 2178 Aut
193 2144 257 2180 seer
269 2128 356 2180 hostis
367 2129 485 2193 Bupalo.

96 2199 147 2259 An,
156 2200 179 2247 si
190 2199 252 2264 quis
263 2203 324 2248 stro
336 2198 418 2250 deute
429 2214 472 2249 me
484 2195 622 2267 petiverit,
826 2201 857 2252 15

129 2268 236 2319 luultus
246 2271 290 2330 ut,
300 2266 385 2330 flebo,
396 2266 482 2333 pueri

349 2478 516 2493 ...ιι-.-
