2084 3075
132 133 133 136 ‘
222 150 258 204 24
473 143 731 198 cnnmruum

259 256 314 308 Hie
323 249 427 303 bellum
436 249 633 316 lacrymosum,
642 246 688 297 hic
698 248 828 298 miseram
840 246 957 313 famem,

259 323 435 386 Pestemque,
446 333 463 367 a
472 317 584 384 popule,
596 322 625 368 et
634 318 759 384 principe
771 316 900 381 Caesare,
910 321 942 370 in

183 401 215 454 15
269 409 273 416 ’
293 392 394 443 Persas
406 394 489 458 atque
500 383 651 437 Britannus

327 458 429 511 Vestra
438 462 531 506 mutus
542 461 607 521 aget
616 469 708 521 prece.

275 767 280 778 ,
438 690 578 796 oar
613 691 771 764 xxrr.

331 815 390 864 nn
414 817 660 883 Anrsnwu
683 816 883 868 ruscum.

518 918 687 931 ——n—-n

195 960 197 966 ἲ
262 979 343 1032 Vitae
361 978 511 1049 integritas
527 977 626 1093 ιιόἰῆιιε
643 986 707 1026 tuta
723 987 782 1037 eat,·
803 977 886 1046 idque
901 995 954 1030 auo

485 1062 580 1112 exemp
594 1062 608 1093 o
615 1043 728 1111 probat.

506 1175 606 1213 METR·
625 1175 709 1214 xv11.

296 1231 416 1333 Integer
425 1266 508 1327 vitae,
520 1264 691 1330 scelerisque
701 1278 789 1329 purus

297 1336 359 1387 Non
370 1339 433 1401 eget
443 1334 552 1385 Mauris
563 1334 671 1397 iaculis,
682 1349 771 1400 neque
782 1348 858 1397 arcu,

297 1403 356 1457 Nee
365 1405 511 1455 venenatis
521 1402 639 1470 gravida
649 1405 769 1470 sagittis,

343 1523 345 1528 ,
368 1472 466 1538 Fusee,
477 1471 621 1540 pharetra:

296 1569 359 1621 Sive
370 1584 420 1634 per
431 1567 530 1634 Syrtes
541 1570 597 1619 iter
607 1573 760 1631 aestuosas,

297 1638 359 1690 Sive
371 1637 497 1688 facturus
507 1653 558 1702 per
568 1635 764 1704 inhospitalem

299 1708 461 1767 Caucasum,
472 1707 516 1756 vel
528 1722 600 1772 quae
611 1707 674 1758 luca
685 1706 829 1759 fabulosus

366 1775 478 1825 Lambit
487 1775 646 1842 Hydaspes.

296 1868 421 1935 Namque
432 1886 476 1922 me
487 1871 558 1922 silva
568 1870 651 1936 lupus
661 1873 689 1921 in
701 1870 813 1932 Sabina,

297 1940 372 1990 Dum
385 1955 475 1992 meam
487 1947 568 1993 cauto
580 1939 715 2007 Lalagen,
727 1946 756 1992 et
766 1941 842 1991 ultra

298 2010 462 2061 Terminum
473 2014 547 2061 curis
556 2025 643 2076 vagor
654 2010 799 2074 expeditis,

313 2138 319 2143 ‚
368 2078 453 2146 Fugit
462 2080 609 2131 inermem:

298 2171 388 2232 Quale
397 2176 558 2237 portentum
568 2188 658 2240 neque
670 2173 801 2225 militaris
847 2197 850 2199 ·

298 2240 425 2291 Daunias
436 2240 500 2292 latis
511 2241 562 2292 alit
572 2243 731 2304 aesculetis,

298 2307 357 2361 Nee
367 2311 450 2361 lubae
462 2312 547 2362 tellus
557 2317 682 2379 generat,
693 2312 807 2364 leonum

368 2380 454 2430 Arida
464 2383 567 2437 nutrix.

299 2469 375 2521 Pone
387 2488 440 2533 me,
451 2475 538 2539 pigris
548 2476 596 2525 ubi
608 2475 686 2526 nulla
696 2477 801 2542 eampis
875 2513 885 2519 -›
945 2512 949 2518 -

299 2538 388 2597 Arbor
399 2542 504 2592 aestiva
513 2552 659 2596 recreatur
670 2560 753 2608 aura3

300 2607 382 2669 Quod
393 2610 466 2661 latus
477 2610 572 2664 mundi
583 2614 711 2677 nebulae,
722 2614 869 2682 malusque

369 2679 474 2746 Iupiter
483 2688 579 2751 urget3
662 2700 666 2705 “
