2084 3075
298 170 446 228 LIBER
472 178 528 230 ΙΙΙ.

254 321 409 397 our
449 328 573 402 xre.

121 452 182 500 Au
207 453 435 507 roruuum
456 456 698 518 romumu'm.

323 558 490 569 -—-..

9 617 104 666 Haec
123 618 181 667 Ode
198 618 298 668 lauder
315 623 438 672 continet
449 625 577 697 Augusti
591 647 625 678 ex
635 606 785 698 Hirparria,

6 683 143 747 devietis
151 685 307 748 Cantabris,
318 692 480 741 revertentis
485 714 495 751 ‚·
507 703 535 742 et
543 697 629 745 Vates
636 698 786 768 aelfestum

132 750 331 828 celebraudum,
338 757 481 825 populum,
492 769 520 809 et
530 779 560 809 se
570 764 683 818 excitat.

303 898 403 937 METR·
422 901 507 939 XVII.

94 945 243 1031 Herculis
253 984 310 1034 ritu
321 983 404 1037 mode
415 988 519 1058 dictur,
530 988 643 1056 oplebs,

94 1044 191 1099 Morte
201 1053 324 1104 venalem
334 1058 451 1121 petiisse
458 1056 578 1121 laurum,

96 1112 211 1180 Caesar,
222 1119 349 1188 Hispana
358 1128 461 1192 repetit
469 1134 585 1193 penates

164 1181 260 1240 Victor
272 1193 306 1243 ab
318 1208 376 1244 ora.

93 1276 182 1331 Unico
191 1284 316 1349 gaudens
326 1289 428 1341 mulier
438 1293 541 1342 marito

37 1385 60 1394 .,
91 1344 228 1414 Prodeat,
237 1354 318 1404 iustis
330 1363 446 1420 operata
454 1357 547 1422 Divis3

90 1414 129 1465 Et
138 1432 217 1470 soror
227 1422 297 1471 elari
309 1423 399 1485 ducis,
410 1431 440 1476 et
450 1426 569 1478 decorae
618 1441 621 1448 ’

162 1486 294 1554 Supplice
305 1490 377 1539 vitta

90 1578 241 1647 virginum
252 1587 370 1645 matres,
382 1584 567 1652 iuvenumque
577 1602 666 1657 nuper

90 1647 245 1714 Sospitum.
266 1649 336 1712 Vos,
348 1666 365 1701 o
375 1655 468 1717 pueri,
480 1659 508 1705 et
518 1656 629 1720 puellae
791 1681 823 1715 ro

89 1717 149 1770 lum
160 1719 249 1769 virum
261 1726 397 1784 expertes,
408 1722 481 1774 male
492 1725 621 1777 ominatis

159 1785 271 1840 Parcite
282 1788 380 1840 verbis.

90 1879 145 1930 Hie
155 1880 213 1932 dies
224 1897 289 1933 vere
300 1882 368 1932 mihi
380 1883 468 1934 festus
479 1891 557 1936 atras

90 1947 199 2000 Eximet
209 1966 303 2001 curas:
319 1967 371 2018 ego
381 1967 432 2002 nec
442 1955 603 2017 tumultum,

90 2015 226 2069 Neemori
237 2022 350 2084 pervim
361 2024 619 2097 metuam,tenente
789 2027 818 2076 15

162 2087 280 2139 Caesare
290 2093 391 2140 terras.

89 2176 114 2243 1',
123 2184 187 2248 pete
198 2190 383 2250 unguentum,
392 2200 475 2252 puer,
486 2192 515 2239 et
525 2204 653 2253 coronae,

90 2248 127 2298 Et
137 2251 235 2302 eadum
247 2253 336 2305 Marsi
347 2269 496 2306 memorem
509 2258 609 2323 duelli3

90 2315 253 2384 Spartacum
263 2322 287 2370 si
297 2337 353 2389 qua
362 2326 454 2388 potuit
462 2332 608 2392 vagantem

158 2388 269 2440 Fallere
279 2396 361 2442 testa.

89 2481 143 2535 Die
154 2489 183 2535 et
193 2490 309 2553 argutae
319 2493 450 2554 properet
458 2487 586 2542 Neaerae

89 2551 255 2619 Myrrheum
265 2557 338 2607 node
349 2556 478 2608 cohibere
488 2559 603 2609 erinem:

90 2619 120 2672 si
130 2636 180 2687 per
190 2624 309 2676 invisum
318 2640 399 2677 mora
407 2627 555 2679 ianitorem

89 2760 92 2765 .
158 2689 235 2756 Fiet,
246 2695 330 2746 abite.
