2084 3075
310 204 462 261 arae-a
482 207 520 258 ιι.
546 204 569 259 1.
767 208 833 281 zos·

54 313 164 363 Curam
174 308 260 361 redde
269 308 397 374 breram;
413 313 437 362 si
452 325 554 362 munus
565 309 693 375 Apolline
704 310 818 379 dignum

51 381 105 432 Vis
117 379 258 445 complere
267 379 360 441 libris,
371 382 518 431 stratibus
529 380 633 430 addere
643 379 748 443 calcar3

51 452 92 501 Ut
103 449 199 500 studio
211 451 316 500 maiore
327 454 424 516 petant
434 449 572 504 Helicona
580 451 725 501 virentem.

51 519 153 571 Multa
162 519 275 585 quidem
286 519 366 569 nobis
376 518 494 570 facimus
504 518 579 569 mala
588 533 672 584 saepe
681 525 791 584 poetae,
797 542 802 547 ·

52 590 93 639 Ut
103 589 201 639 mneta
211 593 321 654 egomet
330 588 444 639 caedam
455 604 529 640 mea.
545 604 629 655 quum
640 589 690 639 tibi
701 588 842 639 librum
828 606 878 639 ιο

54 656 188 709 Sollicito
198 657 308 719 damus,
318 663 367 708 aut
378 657 465 710 fesso·
480 674 565 727 quum
577 657 722 718 laedimur,
731 672 818 708 ιιιιιιιιι

55 726 87 778 Si
99 729 164 794 quis
175 728 329 776 amicorum
339 731 382 777 est
393 742 476 778 ausus
487 726 667 793 reprendere
666 741 790 777 versum:

56 796 153 857 Quum
163 795 256 856 loea,'
248 811 305 845 ram
315 799 447 858 recitata,
456 797 625 848 revolvimus
634 797 797 858 irrevocatr,

56 866 153 926 Quum
165 864 365 924 lamentamur,
375 879 430 914 non
441 880 576 930 apparere
586 864 697 916 labores

56 934 231 995 Nostros,et
241 934 319 983 tenui
331 932 451 983 deducta
460 941 591 999 poemata
601 934 661 985 iiloz
829 931 879 985 225

57 1004 154 1065 Quum
164 1016 318 1067 speramus,
329 1016 363 1052 eo
372 1017 431 1052 rem
442 1006 597 1065 venturam,
607 1009 641 1054 ut
646 1003 730 1053 simul
736 1007 820 1070 atque

58 1073 192 1124 Carmina
201 1072 331 1122 rescieris
342 1086 393 1121 nos
404 1072 521 1138 lingere,
533 1073 694 1123 commodus
703 1071 780 1122 ultro

56 1143 205 1202 Armanas,
217 1144 246 1191 et
255 1155 338 1207 egere
348 1146 437 1202 vetes,
448 1145 478 1191 et
487 1141 610 1192 scribere
622 1156 715 1208 cogas.

58 1210 115 1262 Sed
125 1215 221 1261 tamen
232 1214 276 1260 est
285 1224 388 1274 operae
399 1210 530 1274 pretium,
542 1223 719 1274 cognoscere,
725 1209 821 1275 quales

58 1280 195 1331 Aedituus
206 1277 308 1329 habeat
317 1278 384 1330 belli
395 1283 522 1345 spectata
533 1277 663 1343 domique
831 1281 881 1332 230

57 1347 158 1399 Virtus
163 1348 293 1414 ,indigno
304 1363 359 1398 non
370 1347 570 1400 committenda
579 1352 688 1412 poetae

59 1418 168 1469 Gratus
176 1416 336 1469 Alexandro
347 1433 406 1499 regi
399 1418 521 1484 Magno
533 1416 587 1467 fuit
596 1416 645 1468 ille

60 1485 224 1549 Choerilus,
234 1486 347 1536 incultis
356 1490 403 1554 qui
413 1487 552 1548 versibus,
563 1491 592 1538 et
603 1486 676 1538 mala
686 1488 769 1549 natis,

59 1556 182 1609 Rettulit
192 1561 335 1622 acceptos,
346 1556 442 1624 regale
454 1557 591 1607 nomisma
596 1555 763 1622 ,Philippos

61 1625 129 1689 Sed,
139 1625 228 1677 veluti
238 1630 361 1678 tractata
371 1625 636 1693 notan1,labemque
646 1627 796 1678 remrttunt
832 1626 883 1677 235

60 1698 237 1758 Atramenta3
254 1693 313 1746 fere
324 1697 474 1760 scriptores
485 1698 608 1746 carmine
619 1695 702 1747 foedo
755 1703 761 1710 ’

62 1763 216 1831 Splendida
226 1764 302 1815 facta
312 1763 411 1814 linunt.
433 1765 510 1816 ldem
520 1779 571 1816 rex
581 1765 642 1828 ille,
653 1780 752 1832 poema

62 1835 118 1898 Qui
127 1838 185 1884 tam
196 1833 345 1885 ridiculum
356 1839 414 1884 tam
426 1849 489 1886 care
500 1835 634 1901 prodigus
644 1837 721 1896 emit,

62 1904 162 1955 Edicto
172 1905 274 1963 vetuit,
285 1917 320 1953 nc
331 1903 393 1968 quis
404 1917 447 1963 se,
457 1909 570 1967 praeter
579 1902 714 1967 Apellem,

62 1972 209 2040 Pingeret3
221 1976 270 2021 aut
280 1971 353 2021 alius
363 1970 487 2035 Lysippo
497 1971 613 2021 duceret
623 1985 699 2032 aera,
833 1968 883 2023 240

63 2042 158 2093 Fortis
168 2040 318 2092 Alexandri
328 2039 434 2089 vultum
446 2039 617 2088 simulantia.
637 2037 753 2100 Quodsi

63 2111 199 2162 Iudicium
209 2109 311 2161 subtile
322 2108 448 2159 videndis
458 2109 567 2158 artibus
576 2107 648 2159 illud

63 2180 106 2231 Ad
116 2180 215 2242 libros,
228 2184 256 2230 et
267 2179 303 2229 ad
314 2176 382 2229 haec
392 2178 538 2228 Musarum
549 2178 623 2228 dona
632 2192 761 2239 vocarem

64 2249 219 2302 Boeotum
211 2265 240 2302 ιιι
251 2262 345 2299 crasso
355 2248 464 2298 iuraras
477 2262 542 2299 aere
553 2253 658 2298 natum

65 2320 199 2386 ltneque
209 2317 380 2370 dedecorant
389 2322 440 2366 tua
450 2315 485 2368 de
495 2332 526 2367 se
536 2316 653 2378 iudicia,
665 2320 749 2383 atque
834 2315 884 2367 245

66 2387 199 2439 Munera·
193 2401 283 2454 ,quae
294 2385 383 2435 inulta
393 2376 486 2436 dantis
497 2401 560 2435 cum
572 2385 656 2437 laude
666 2384 801 2447 tulerunt,

67 2449 171 2509 Dilecti
181 2454 402 2522 tibi,Virgilius,
411 2452 581 2523 Variusque,
592 2459 705 2521 poetae3

66 2524 124 2578 Nec
134 2527 222 2593 magis
234 2539 358 2590 expressi
350 2522 462 2573 vultus
473 2537 524 2588 per
534 2522 674 2575 ahenea
651 2538 740 2605 signa,

68 2597 155 2657 Quam
168 2610 218 2661 per
228 2595 300 2645 ratis
310 2607 379 2659 opus
389 2606 481 2643 mores
490 2592 632 2660 animique
642 2594 767 2644 virorum

68 2665 211 2716 Clarorum
223 2668 365 2730 apparent.
386 2660 445 2714 Nec
453 2675 597 2712 sermones
608 2677 660 2729 ego
671 2651 801 2712 mallem
834 2664 884 2718 250

66 2734 202 2801 Repentes
213 2748 262 2803 per
272 2730 396 2796 humum,
405 2745 488 2800 quam
494 2744 540 2784 res
548 2746 713 2800 componere
722 2737 824 2803 gestas,
