2084 3075
221 201 275 255 282
474 195 544 249 DE
579 188 728 247 ARTE

223 306 243 360 S
279 321 306 359 m
315 305 413 360 reniae
423 296 540 356 centusi
553 295 646 350 Vitari
656 295 778 364 deniqne
789 299 919 367 eulpam,

222 322 285 431 pffi
295 376 406 427 laudem
417 371 514 425 merui.
535 366 591 419 Vos
602 365 776 433 exemplaria
786 367 907 422 Graeca

222 447 368 500 Nocturna
375 446 486 495 versate
497 453 595 500 manu,
604 440 714 488 versate
725 436 836 489 diurna.

165 534 216 589 270
223 518 258 568 nt
266 515 351 567 vestri
362 513 457 580 proavi
467 508 611 562 Plautinos
622 511 651 558 et
661 521 806 571 numeros,
816 514 856 570 et

223 584 387 636 Laudarere
398 581 484 642 sales;
499 578 613 628 nimium
625 576 766 642 patienter
775 584 947 646 utrumque,

223 653 265 706 Ne
276 653 367 707 dicam
377 650 477 712 stulte,
487 648 595 709 mirati3
610 648 634 695 si
645 645 729 696 modo
740 661 808 713 ego,
818 654 848 699 et
858 663 914 699 ror

225 714 332 775 Scimus
341 722 507 774 inurbanum
518 715 611 782 lepido
621 729 757 780 seponere
766 716 860 780 dict03
1033 710 1034 755 l

224 792 447 859 Legitimumque
458 801 556 838 sonum
568 785 662 851 digitis
672 784 821 848 callemus,
835 792 868 838 et
878 801 959 840 aure.

165 860 216 928 275
224 863 352 928 lgnotum
363 860 486 924 tragicae
497 869 585 923 genus
595 854 732 904 invenisse
744 854 890 908 Camenae

224 930 347 988 Dicitur,
358 931 388 977 et
398 926 533 991 planstris
544 923 653 974 vexisse
664 929 797 989 poemata
808 923 946 993 Thespis,

224 999 302 1059 Quae
312 1000 444 1046 canerent
454 997 626 1061 agerentque
637 994 764 1057 peruncti
775 992 910 1046 faecibus
921 1010 979 1048 ora

224 1065 293 1119 Post
301 1059 374 1114 liuns
386 1077 537 1129 personae,
551 1061 699 1128 pallaeque
709 1067 842 1126 repertor
852 1062 991 1117 honestae

224 1131 391 1199 Aeschylus,
402 1137 431 1184 et
441 1131 558 1182 modicis
568 1133 699 1181 instravit
708 1130 820 1197 pulpita
828 1135 935 1200 tignis3

167 1207 217 1264 280
225 1205 262 1257 Et
273 1203 368 1255 docuit
378 1216 564 1269 magnumque
573 1198 665 1267 loqui,
676 1201 783 1268 nitique
793 1201 950 1254 cothurno.

227 1273 366 1328 Successit
375 1277 454 1324 vetus
465 1269 508 1321 bis
518 1269 675 1332 comoedia,
684 1284 740 1321 non
751 1271 811 1322 sine
823 1272 919 1324 multa

226 1344 337 1406 Laude3
352 1342 402 1393 sed
412 1343 440 1391 in
450 1343 548 1390 vitium
559 1339 674 1391 libertas
685 1339 801 1402 excidit,
813 1347 844 1392 et
852 1344 913 1393 rim

227 1413 348 1482 Dignam
359 1412 420 1479 lege
431 1411 503 1477 regi:
519 1407 568 1460 lex
578 1414 621 1460 est
630 1413 760 1475 accepta,
770 1408 933 1480 chorusque

227 1485 361 1551 Turpiter
373 1481 502 1543 obticuit,
512 1478 623 1530 sublato
634 1481 695 1529 iure
706 1478 837 1530 nocendi.

167 1552 217 1609 285
227 1552 273 1604 Nil
283 1555 451 1605 intentatum
463 1552 551 1601 nostri
562 1550 670 1617 liquere
682 1551 796 1614 poetae;

227 1621 285 1673 Nec
296 1623 440 1673 minimum
450 1635 578 1672 meruere
589 1618 687 1680 decus,
697 1620 817 1686 vestigia
828 1618 942 1673 Graeca

227 1691 295 1739 Ausi
305 1690 434 1742 deserere
440 1726 448 1752 ,
459 1695 488 1741 et
499 1688 642 1741 celebrare
654 1687 810 1739 domestica
821 1687 915 1755 facta-3

222 1756 278 1822 ‚Vel
289 1758 337 1823 qui
347 1762 521 1822 praetextas,
531 1757 575 1809 rel
586 1758 633 1824 qui
644 1756 766 1808 docuere
776 1762 901 1825 togatas.

229 1824 287 1879 Nec
297 1827 400 1877 virtute
411 1824 498 1887 foret,
510 1827 627 1877 clarisve
639 1828 781 1891 potentius
794 1829 891 1891 armis,

167 1919 218 1973 290
228 1893 319 1959 'Quam
330 1894 440 1963 lingua,
451 1894 578 1956 Latium,
590 1896 614 1945 si
625 1910 679 1945 non
691 1893 849 1948 offenderet
859 1912 956 1950 unum-

228 1968 373 2031 Quemque
383 1969 529 2031 poetarum
540 1964 623 2014 limae
638 1963 732 2026 labor,
743 1970 773 2016 et
783 1980 872 2019 mora
893 1967 983 2029 Vos,o

227 2035 381 2098 Pompilius
392 2032 846 2100 sanguis,carmenreprehendite,
853 2037 984 2103 quodnon

228 2103 322 2155 Multa
333 2104 404 2165 dies,
415 2107 444 2153 et
454 2102 545 2152 multa
555 2102 642 2151 litura
652 2105 791 2165 coercuit,
802 2109 890 2171 atque

229 2171 389 2226 Perfectum
402 2170 494 2222 decies
504 2186 559 2221 non
571 2171 719 2237 castigavit
727 2171 763 2221 ad
773 2186 908 2239 unguem.

168 2246 219 2318 295
229 2242 374 2309 Ingenium
385 2241 486 2290 misera
496 2241 562 2306 quia
574 2237 743 2290 fortunatius
754 2244 817 2292 arte

231 2309 339 2373 Credit,
349 2314 378 2361 et
390 2308 513 2360 excludit
522 2323 606 2358 sanos
617 2308 755 2360 Helicone
765 2314 866 2376 poetas

229 2380 421 2430 Democritus:
437 2378 510 2428 bona
524 2392 589 2443 pars
599 2393 654 2428 non
666 2387 772 2446 ungues
782 2393 890 2444 ponere
900 2387 983 2446 curat,

229 2447 293 2498 Non
303 2448 429 2497 barbam:
444 2451 554 2497 secreta
564 2448 635 2511 petit
645 2447 720 2510 loca,
730 2447 832 2499 balnea
842 2451 922 2502 vitat.

229 2514 412 2567 Nanciscetur
422 2516 496 2567 enim
507 2516 640 2580 pretium,
650 2532 806 2583 nomenque
815 2522 927 2583 poetae,

169 2586 220 2638 ὅου
230 2581 259 2631 Si
271 2583 361 2632 tribus
372 2584 513 2651 Anticyris
524 2588 607 2648 caput
616 2584 785 2648 insanabile,
796 2601 948 2655 numquam

229 2650 351 2699 'l'onsori
360 2650 459 2702 Licino
470 2652 648 2703 commiserit
661 2653 684 2705 0
696 2668 748 2721 ego
758 2653 867 2718 laevus,

230 2713 284 2774 Qui
294 2730 399 2785 purgor
409 2719 493 2773 bilem
504 2721 555 2773 sub
565 2722 645 2774 verni
655 2723 791 2789 temporis
800 2722 916 2777 boram!
