2084 3075
361 183 509 237 LIBER
534 186 583 239 lV.

125 289 279 345 Aeternetl·
293 290 330 351 0,
341 305 396 357 qua
407 289 456 342 Sol
464 290 632 342 habitabiles
676 303 680 310 ·

125 360 258 413 Illustrat
268 375 345 422 oras,
355 363 477 411 maxime
486 361 651 426 principum,

165 429 255 492 Quem
265 430 336 495 legis
347 436 476 495 expertes
486 425 607 479 Latinae

199 497 336 550 Vindelici
347 498 470 550 didicere
481 513 578 564 nuper,

127 607 205 669 Quid
215 607 308 657 Marte
319 621 423 672 posses.
443 607 535 657 Milite
546 620 610 656 nam
621 608 671 656 tuo

126 675 241 727 Drusus
252 674 416 737 Genaunes,
426 674 606 742 implacidum
615 689 717 741 genus3

163 745 347 811 Breunosque
357 743 479 806 veloces,
490 749 519 795 et
530 758 616 805 arces,

199 814 314 880 Alpibus
326 815 470 879 impositas
481 812 642 876 tremendis,

129 923 244 974 Deiecit
254 937 319 974 acer
329 922 391 989 plus
400 924 460 974 vice
471 923 602 989 simplici:

129 992 223 1044 Maior
233 991 376 1043 Neronum
387 1007 452 1043 mox
462 1008 547 1059 grave
558 993 694 1060 proelium

166 1062 322 1124 Commisit,
333 1064 524 1130 immanesque
534 1062 637 1114 Raetos

199 1132 335 1197 Auspiciis
345 1131 453 1198 pepulit
462 1133 606 1195 secundis3

129 1236 315 1303 spectandus,
326 1242 354 1289 in
366 1241 518 1292 certamine
530 1235 636 1290 Martio

129 1306 238 1358 Derota
249 1312 332 1359 morti
343 1316 458 1375 pectora
468 1309 576 1361 liberae

165 1376 283 1438 Quantis
298 1374 428 1445 fatigaret
438 1381 540 1429 ruinis:

197 1445 351 1497 Indomitas
361 1462 447 1512 prope
457 1448 548 1512 qualis
558 1446 648 1496 undas

128 1555 250 1606 Exercet
259 1553 374 1612 Auster,
385 1551 628 1604 Pleiadum·choro

130 1622 281 1674 Scindente
293 1621 393 1684 nubes;
409 1621 527 1688 impiger
537 1619 659 1673 hostium

164 1689 274 1741 Vexare
285 1693 406 1752 turmas,
417 1696 446 1741 et
457 1688 622 1742 frementem

197 1758 314 1811 Mittere
325 1774 426 1827 equum
438 1759 545 1811 medios
555 1776 605 1828 per
615 1762 701 1828 ignes.

129 1870 175 1922 sic
185 1868 361 1922 tauriformis
371 1869 491 1931 volvitur
501 1869 626 1932 Aufidus,

130 1941 183 2003 Qui
193 1954 281 2007 regna
293 1938 385 1989 Dauni
397 1937 529 2004 praefluit
539 1938 647 2004 Appuli,

122 2040 126 2049 ·
163 2010 254 2072 Quum
263 2010 365 2069 saevit,
376 2006 600 2075 horrendamque
611 2008 694 2061 cultis

197 2077 336 2129 Diluriem
347 2077 500 2130 meditatur
510 2078 599 2146 agris:
651 2135 653 2141 ¹

128 2189 164 2238 Ut
172 2187 360 2240 Barbarorum
373 2188 506 2240 Claudius
517 2190 629 2257 agmina

128 2257 247 2309 Ferrata
256 2263 334 2309 vasto
346 2258 432 2309 diruit
442 2260 561 2325 impetu;

161 2326 337 2394 Primosque,
348 2332 377 2378 et
388 2331 527 2378 extremos
538 2325 678 2391 metendo,

195 2394 302 2447 Stravit
313 2394 440 2458 humum,
450 2397 511 2446 sine
523 2394 603 2448 clade
613 2400 715 2450 vietor:

128 2505 168 2555 Te
178 2506 285 2570 copias,
294 2511 323 2556 te
334 2505 493 2566 consilium,
504 2509 533 2555 et
542 2509 607 2554 tuos

128 2572 282 2626 Praebente
293 2573 388 2625 Divos.
408 2574 492 2636 Nam,
502 2574 554 2623 tibi
566 2588 620 2640 quo
631 2574 676 2625 die

162 2642 263 2695 Portus
274 2643 450 2695 Alexandrea
461 2642 588 2708 supplex,

198 2713 234 2763 Et
243 2727 360 2764 vacuam
371 2712 503 2778 patefecit
513 2710 616 2775 aulam,

804 184 854 238 125

865 285 881 337 5
958 269 960 272 ,
