2084 3075
329 135 479 191 LlBER
505 140 526 191 l.

117 242 213 294 Remis
223 242 370 311 adurgens,
381 245 527 310 (accipiter
538 245 615 297 velut

116 311 221 364 Molles
231 313 381 377 columbas,
392 324 442 365 aut
451 314 578 381 leporem
588 319 661 369 citus

151 380 277 433 Venator
288 384 315 432 in
327 386 430 450 campis
441 386 543 436 nivalis

188 451 372 516 Haemoniae)
384 452 464 506 daret
473 459 505 505 ut
516 457 624 508 catenis
816 471 850 506 20

115 536 217 590 Fatale
228 544 395 589 monstrum:
412 555 481 606 quae
491 543 657 607 generosius

114 606 213 659 Perire
223 621 370 674 quaerens,
381 623 431 659 nec
443 610 618 664 muliebriter

151 676 270 742 Expavit
280 692 383 738 ensem,
395 693 445 727 nec
455 678 576 731 latentes

187 745 283 795 Classe
294 747 351 797 cita
360 748 501 811 reparavit
511 762 589 812 oras3

113 830 190 882 Ausa
201 834 230 882 et
238 832 375 881 iacentem
386 833 476 883 visere
486 832 594 900 regiam

114 896 202 949 Vultu
212 899 321 962 sereno,
332 898 413 951 fortis
425 905 453 951 et
463 915 577 966 asperas

151 969 286 1021 Tractare
298 975 452 1035 serpentes,
464 975 495 1019 ut
506 976 598 1021 atrum

187 1038 308 1104 Corpore
318 1040 490 1092 combiberet
497 1052 650 1105 venenum3

114 1123 278 1176 Deliberata
287 1130 377 1177 morte
387 1125 521 1178 ferocior:

114 1191 211 1245 Sueris
221 1194 352 1246 Liburnis
363 1196 471 1248 scilicet
480 1196 617 1260 invidens,
815 1202 849 1251 bo

151 1262 264 1314 Privato
274 1263 375 1316 deduci
385 1266 505 1331 superbo

184 1330 245 1383 Non
256 1330 367 1384 humilis
378 1334 478 1385 mulier
487 1332 638 1401 triumpho.

45 1446 802 1477 man-um

197 1487 337 1596 oon
379 1520 662 1596 xxxvm.

73 1647 142 1698 AD
174 1644 407 1696 PUBRUM
435 1645 774 1698 ulmorum.

339 1746 507 1760 *fin—-

46 1806 116 1861 Vult
123 1805 265 1877 famulum
279 1821 360 1857 cuum
374 1804 445 1856 nihil
459 1805 540 1857 aliud
555 1806 685 1858 adhibere
701 1809 741 1858 ad
755 1827 805 1860 ex-

100 1883 207 1926 ternum
217 1874 337 1924 convivii
345 1882 521 1942 apparatum,
533 1890 616 1942 quam
625 1884 750 1941 myrtum.

320 2004 422 2044 HETR·
441 2004 526 2043 XVII.

114 2060 259 2146 Persicos
267 2092 324 2156 odi,
333 2107 412 2160 puer,
423 2098 588 2159 apparatum

114 2161 272 2229 Displicent
281 2177 370 2223 nexae
380 2161 494 2229 philyra
502 2176 637 2226 eoronae3

114 2231 198 2285 Mitte
208 2233 319 2295 sectori,
329 2246 395 2284 rosa
405 2246 459 2299 quo
471 2232 598 2283 locorum

184 2299 255 2354 Sera
264 2306 398 2353 moretur.

113 2384 240 2451 Simplici
250 2391 343 2453 myrto
353 2384 424 2439 nihil
435 2385 582 2438 adlabores
813 2383 829 2435 5

113 2453 244 2517 Sedulus,
254 2470 333 2507 curo:
350 2470 439 2522 neque
449 2460 478 2507 te
488 2457 646 2506 ministrum

113 2523 241 2576 Dedecet
249 2529 366 2589 myrtus,
376 2539 466 2593 neque
476 2539 520 2576 me
531 2524 582 2575 sub
592 2529 654 2575 arte

184 2591 247 2645 Vite
258 2592 406 2647 bibentem.

343 2736 511 2752 -ι-ι-
