<?xml version="1.0" encoding="UTF-8"?>
<!DOCTYPE html PUBLIC "-//W3C//DTD XHTML 1.0 Transitional//EN"
    "http://www.w3.org/TR/xhtml1/DTD/xhtml1-transitional.dtd">
<html xmlns="http://www.w3.org/1999/xhtml" xml:lang="en" lang="en">
 <head>
  <title>
</title>
<meta http-equiv="Content-Type" content="text/html;charset=utf-8" />
  <meta name='ocr-system' content='tesseract 3.04.00' />
  <meta name='ocr-capabilities' content='ocr_page ocr_carea ocr_par ocr_line ocrx_word'/>
</head>
<body>
  <div class='ocr_page' id='page_1' title='image "./opera05horagoog_0110.png"; bbox 0 0 2084 3075; ppageno 0'>
   <div class='ocr_carea' id='block_1_1' title="bbox 210 134 716 204">
    <p class='ocr_par' dir='ltr' id='par_1_1' title="bbox 210 134 716 204">
     <span class='ocr_line' id='line_1_1' title="bbox 210 134 716 204; baseline -0.04 -2"><span class='ocrx_word' id='word_1_1' title='bbox 210 149 247 201; x_wconf 80' lang='lat' dir='ltr'><strong>ec</strong></span> <span class='ocrx_word' id='word_1_2' title='bbox 461 134 716 204; x_wconf 73' lang='lat' dir='ltr'><strong>cnnmrnunr</strong></span> 
     </span>
    </p>
   </div>
   <div class='ocr_carea' id='block_1_2' title="bbox 279 241 803 381">
    <p class='ocr_par' dir='ltr' id='par_1_2' title="bbox 279 241 803 381">
     <span class='ocr_line' id='line_1_2' title="bbox 279 241 776 307; baseline -0.028 -8"><span class='ocrx_word' id='word_1_3' title='bbox 279 248 356 300; x_wconf 84' lang='lat' dir='ltr'>Inter</span> <span class='ocrx_word' id='word_1_4' title='bbox 366 243 486 295; x_wconf 76' lang='lat' dir='ltr'><strong>audaces</strong></span> <span class='ocrx_word' id='word_1_5' title='bbox 496 242 578 307; x_wconf 91' lang='lat' dir='ltr'><strong>lupus</strong></span> <span class='ocrx_word' id='word_1_6' title='bbox 589 241 666 299; x_wconf 84' lang='lat' dir='ltr'><strong>errat</strong></span> <span class='ocrx_word' id='word_1_7' title='bbox 675 249 776 303; x_wconf 79' lang='lat' dir='ltr'><strong>agnos:</strong></span> 
     </span>
     <span class='ocr_line' id='line_1_3' title="bbox 280 304 803 381; baseline -0.025 -14"><span class='ocrx_word' id='word_1_8' title='bbox 280 316 392 381; x_wconf 81' lang='lat' dir='ltr'><strong>Spargit</strong></span> <span class='ocrx_word' id='word_1_9' title='bbox 401 317 527 380; x_wconf 82' lang='lat' dir='ltr'><strong>agrestes</strong></span> <span class='ocrx_word' id='word_1_10' title='bbox 536 310 587 361; x_wconf 89' lang='lat' dir='ltr'><strong>tibi</strong></span> <span class='ocrx_word' id='word_1_11' title='bbox 597 306 666 370; x_wconf 80' lang='lat' dir='ltr'><strong>silva</strong></span> <span class='ocrx_word' id='word_1_12' title='bbox 677 304 803 357; x_wconf 84' lang='lat' dir='ltr'><strong>frendes:</strong></span> 
     </span>
    </p>
   </div>
   <div class='ocr_carea' id='block_1_3' title="bbox 71 373 770 445">
    <p class='ocr_par' dir='ltr' id='par_1_3' title="bbox 71 373 770 445">
     <span class='ocr_line' id='line_1_4' title="bbox 71 373 770 445; baseline -0.03 2"><span class='ocrx_word' id='word_1_13' title='bbox 71 373 76 384; x_wconf 55' lang='grc'><strong>’</strong></span> <span class='ocrx_word' id='word_1_14' title='bbox 170 392 200 445; x_wconf 89' lang='lat'><strong>15</strong></span> <span class='ocrx_word' id='word_1_15' title='bbox 281 384 392 435; x_wconf 86' lang='lat' dir='ltr'><strong>Gaudet</strong></span> <span class='ocrx_word' id='word_1_16' title='bbox 400 384 516 433; x_wconf 86' lang='lat' dir='ltr'><strong>inrisam</strong></span> <span class='ocrx_word' id='word_1_17' title='bbox 527 378 666 445; x_wconf 85' lang='lat' dir='ltr'><strong>pepulisse</strong></span> <span class='ocrx_word' id='word_1_18' title='bbox 678 374 770 428; x_wconf 80' lang='lat' dir='ltr'><strong>fossor</strong></span> 
     </span>
    </p>
   </div>
   <div class='ocr_carea' id='block_1_4' title="bbox 350 451 610 518">
    <p class='ocr_par' dir='ltr' id='par_1_4' title="bbox 350 451 610 518">
     <span class='ocr_line' id='line_1_5' title="bbox 350 451 610 518; baseline -0.027 -15"><span class='ocrx_word' id='word_1_19' title='bbox 350 453 408 503; x_wconf 90' lang='lat' dir='ltr'><strong>Ter</strong></span> <span class='ocrx_word' id='word_1_20' title='bbox 416 451 486 518; x_wconf 87' lang='lat' dir='ltr'><strong>pede</strong></span> <span class='ocrx_word' id='word_1_21' title='bbox 497 455 610 499; x_wconf 88' lang='lat' dir='ltr'><strong>terram.</strong></span> 
     </span>
    </p>
   </div>
   <div class='ocr_carea' id='block_1_5' title="bbox 210 576 970 638">
    <p class='ocr_par' dir='ltr' id='par_1_5' title="bbox 210 576 970 638">
     <span class='ocr_line' id='line_1_6' title="bbox 210 576 970 638; baseline -0.026 -1"><span class='ocrx_word' id='word_1_22' title='bbox 210 576 970 638; x_wconf 49' lang='lat' dir='ltr'><strong>,mmmm-umd-</strong></span> 
     </span>
    </p>
   </div>
   <div class='ocr_carea' id='block_1_6' title="bbox 355 705 834 894">
    <p class='ocr_par' dir='ltr' id='par_1_6' title="bbox 355 705 834 894">
     <span class='ocr_line' id='line_1_7' title="bbox 445 705 748 785; baseline -0.036 0"><span class='ocrx_word' id='word_1_23' title='bbox 445 709 588 785; x_wconf 69' lang='lat' dir='ltr'><strong>01)ss</strong></span> <span class='ocrx_word' id='word_1_24' title='bbox 621 705 748 780; x_wconf 87' lang='lat' dir='ltr'><strong><em>XIX.</em></strong></span> 
     </span>
     <span class='ocr_line' id='line_1_8' title="bbox 355 828 834 894; baseline -0.052 0"><span class='ocrx_word' id='word_1_25' title='bbox 355 828 834 894; x_wconf 65' lang='lat' dir='ltr'><strong>aurnuarfluu</strong></span> 
     </span>
    </p>
   </div>
   <div class='ocr_carea' id='block_1_7' title="bbox 511 931 679 947">
    <p class='ocr_par' dir='ltr' id='par_1_7' title="bbox 511 931 679 947">
     <span class='ocr_line' id='line_1_9' title="bbox 511 931 679 947; baseline -0.036 0"><span class='ocrx_word' id='word_1_26' title='bbox 511 931 679 947; x_wconf 49' lang='grc' dir='ltr'>...ί-β-</span> 
     </span>
    </p>
   </div>
   <div class='ocr_carea' id='block_1_8' title="bbox 214 985 976 1195">
    <p class='ocr_par' dir='ltr' id='par_1_8' title="bbox 214 985 976 1195">
     <span class='ocr_line' id='line_1_10' title="bbox 214 985 976 1066; baseline -0.021 -17"><span class='ocrx_word' id='word_1_27' title='bbox 214 996 402 1066; x_wconf 79' lang='lat' dir='ltr'><strong>Reprehendit</strong></span> <span class='ocrx_word' id='word_1_28' title='bbox 417 1013 477 1046; x_wconf 85' lang='lat' dir='ltr'><strong>eum</strong></span> <span class='ocrx_word' id='word_1_29' title='bbox 492 996 595 1053; x_wconf 83' lang='lat' dir='ltr'><strong>iocose,</strong></span> <span class='ocrx_word' id='word_1_30' title='bbox 615 989 701 1061; x_wconf 84' lang='lat' dir='ltr'><strong>quod,</strong></span> <span class='ocrx_word' id='word_1_31' title='bbox 719 997 825 1038; x_wconf 77' lang='lat' dir='ltr'><strong>veteres</strong></span> <span class='ocrx_word' id='word_1_32' title='bbox 841 985 976 1036; x_wconf 76' lang='lat' dir='ltr'><strong>historias</strong></span> 
     </span>
     <span class='ocr_line' id='line_1_11' title="bbox 216 1054 976 1131; baseline -0.02 -14"><span class='ocrx_word' id='word_1_33' title='bbox 216 1064 386 1125; x_wconf 81' lang='lat' dir='ltr'><strong>describens,</strong></span> <span class='ocrx_word' id='word_1_34' title='bbox 409 1080 443 1115; x_wconf 82' lang='lat' dir='ltr'><strong>ea</strong></span> <span class='ocrx_word' id='word_1_35' title='bbox 452 1062 595 1131; x_wconf 77' lang='lat' dir='ltr'><strong>negligat,</strong></span> <span class='ocrx_word' id='word_1_36' title='bbox 617 1074 688 1128; x_wconf 84' lang='lat' dir='ltr'><strong>quae</strong></span> <span class='ocrx_word' id='word_1_37' title='bbox 698 1056 736 1106; x_wconf 83' lang='lat' dir='ltr'><strong>ad</strong></span> <span class='ocrx_word' id='word_1_38' title='bbox 751 1054 976 1122; x_wconf 70' lang='lat' dir='ltr'><strong>iucundeyiven-</strong></span> 
     </span>
     <span class='ocr_line' id='line_1_12' title="bbox 490 1129 700 1195; baseline -0.019 -18"><span class='ocrx_word' id='word_1_39' title='bbox 490 1129 554 1177; x_wconf 83' lang='lat' dir='ltr'><strong>dum</strong></span> <span class='ocrx_word' id='word_1_40' title='bbox 565 1134 700 1195; x_wconf 81' lang='lat' dir='ltr'><strong>spectant.</strong></span> 
     </span>
    </p>
   </div>
   <div class='ocr_carea' id='block_1_9' title="bbox 524 1258 669 1298">
    <p class='ocr_par' dir='ltr' id='par_1_9' title="bbox 524 1258 669 1298">
     <span class='ocr_line' id='line_1_13' title="bbox 524 1258 669 1298; baseline -0.028 -1"><span class='ocrx_word' id='word_1_41' title='bbox 524 1258 623 1298; x_wconf 61' lang='lat' dir='ltr'><strong>HETa.</strong></span> <span class='ocrx_word' id='word_1_42' title='bbox 642 1258 669 1294; x_wconf 81' lang='lat' dir='ltr'><strong>V·</strong></span> 
     </span>
    </p>
   </div>
   <div class='ocr_carea' id='block_1_10' title="bbox 134 1319 914 2731">
    <p class='ocr_par' dir='ltr' id='par_1_10' title="bbox 134 1319 914 2731">
     <span class='ocr_line' id='line_1_14' title="bbox 256 1319 665 1417; baseline -0.024 -14"><span class='ocrx_word' id='word_1_43' title='bbox 256 1319 412 1417; x_wconf 75' lang='lat' dir='ltr'><strong>Quantum</strong></span> <span class='ocrx_word' id='word_1_44' title='bbox 422 1347 507 1399; x_wconf 88' lang='lat' dir='ltr'><strong>distet</strong></span> <span class='ocrx_word' id='word_1_45' title='bbox 517 1346 552 1397; x_wconf 90' lang='lat' dir='ltr'><strong>ab</strong></span> <span class='ocrx_word' id='word_1_46' title='bbox 563 1342 665 1398; x_wconf 79' lang='lat' dir='ltr'><strong>Inacho</strong></span> 
     </span>
     <span class='ocr_line' id='line_1_15' title="bbox 289 1410 849 1485; baseline -0.021 -13"><span class='ocrx_word' id='word_1_47' title='bbox 289 1421 405 1482; x_wconf 85' lang='lat' dir='ltr'><strong>Codrus,</strong></span> <span class='ocrx_word' id='word_1_48' title='bbox 415 1433 466 1485; x_wconf 87' lang='lat' dir='ltr'><strong>pro</strong></span> <span class='ocrx_word' id='word_1_49' title='bbox 476 1417 568 1484; x_wconf 88' lang='lat' dir='ltr'><strong>patria</strong></span> <span class='ocrx_word' id='word_1_50' title='bbox 578 1430 634 1466; x_wconf 87' lang='lat' dir='ltr'><strong>non</strong></span> <span class='ocrx_word' id='word_1_51' title='bbox 643 1412 759 1463; x_wconf 85' lang='lat' dir='ltr'><strong>timidus</strong></span> <span class='ocrx_word' id='word_1_52' title='bbox 768 1410 849 1474; x_wconf 81' lang='lat' dir='ltr'><strong>mori,</strong></span> 
     </span>
     <span class='ocr_line' id='line_1_16' title="bbox 253 1486 857 1556; baseline -0.031 -12"><span class='ocrx_word' id='word_1_53' title='bbox 253 1491 368 1554; x_wconf 88' lang='lat' dir='ltr'><strong>Narras,</strong></span> <span class='ocrx_word' id='word_1_54' title='bbox 380 1493 409 1541; x_wconf 87' lang='lat' dir='ltr'><strong>et</strong></span> <span class='ocrx_word' id='word_1_55' title='bbox 418 1501 507 1556; x_wconf 79' lang='lat' dir='ltr'><strong>genus</strong></span> <span class='ocrx_word' id='word_1_56' title='bbox 516 1486 611 1545; x_wconf 79' lang='lat' dir='ltr'><strong>Aeaci,</strong></span> <span class='ocrx_word' id='word_1_57' title='bbox 850 1505 857 1514; x_wconf 83' lang='lat'>-</span> 
     </span>
     <span class='ocr_line' id='line_1_17' title="bbox 288 1551 766 1625; baseline -0.019 -15"><span class='ocrx_word' id='word_1_58' title='bbox 288 1563 325 1610; x_wconf 88' lang='lat' dir='ltr'><strong>Et</strong></span> <span class='ocrx_word' id='word_1_59' title='bbox 333 1564 456 1625; x_wconf 84' lang='lat' dir='ltr'><strong>pugnata</strong></span> <span class='ocrx_word' id='word_1_60' title='bbox 466 1571 546 1607; x_wconf 89' lang='lat' dir='ltr'><strong>sacro</strong></span> <span class='ocrx_word' id='word_1_61' title='bbox 556 1553 631 1605; x_wconf 85' lang='lat' dir='ltr'><strong>belia</strong></span> <span class='ocrx_word' id='word_1_62' title='bbox 641 1552 692 1603; x_wconf 89' lang='lat' dir='ltr'><strong>sub</strong></span> <span class='ocrx_word' id='word_1_63' title='bbox 701 1551 766 1604; x_wconf 85' lang='lat' dir='ltr'><strong>llio:</strong></span> 
     </span>
     <span class='ocr_line' id='line_1_18' title="bbox 193 1620 637 1692; baseline -0.023 -11"><span class='ocrx_word' id='word_1_64' title='bbox 193 1631 209 1681; x_wconf 81' lang='lat'>5</span> <span class='ocrx_word' id='word_1_65' title='bbox 254 1631 315 1690; x_wconf 80' lang='lat' dir='ltr'><strong>Quo</strong></span> <span class='ocrx_word' id='word_1_66' title='bbox 327 1626 425 1678; x_wconf 78' lang='lat' dir='ltr'><strong>Chium</strong></span> <span class='ocrx_word' id='word_1_67' title='bbox 436 1620 526 1692; x_wconf 70' lang='lat' dir='ltr'><strong>pretia</strong></span> <span class='ocrx_word' id='word_1_68' title='bbox 538 1623 637 1675; x_wconf 83' lang='lat' dir='ltr'><strong>cadum</strong></span> 
     </span>
     <span class='ocr_line' id='line_1_19' title="bbox 288 1686 914 1760; baseline -0.014 -13"><span class='ocrx_word' id='word_1_69' title='bbox 288 1697 456 1756; x_wconf 85' lang='lat' dir='ltr'><strong>Mercemur,</strong></span> <span class='ocrx_word' id='word_1_70' title='bbox 467 1697 528 1760; x_wconf 84' lang='lat' dir='ltr'><strong>quis</strong></span> <span class='ocrx_word' id='word_1_71' title='bbox 540 1707 639 1758; x_wconf 88' lang='lat' dir='ltr'><strong>aquarn</strong></span> <span class='ocrx_word' id='word_1_72' title='bbox 648 1693 786 1755; x_wconf 86' lang='lat' dir='ltr'><strong>temperet</strong></span> <span class='ocrx_word' id='word_1_73' title='bbox 793 1686 914 1756; x_wconf 82' lang='lat' dir='ltr'><strong>ignibus,</strong></span> 
     </span>
     <span class='ocr_line' id='line_1_20' title="bbox 255 1762 742 1829; baseline -0.012 -15"><span class='ocrx_word' id='word_1_74' title='bbox 255 1765 317 1826; x_wconf 78' lang='lat' dir='ltr'><strong>Quo</strong></span> <span class='ocrx_word' id='word_1_75' title='bbox 327 1763 477 1829; x_wconf 84' lang='lat' dir='ltr'><strong>praebente</strong></span> <span class='ocrx_word' id='word_1_76' title='bbox 487 1762 608 1821; x_wconf 88' lang='lat' dir='ltr'><strong>domum,</strong></span> <span class='ocrx_word' id='word_1_77' title='bbox 619 1765 648 1810; x_wconf 90' lang='lat' dir='ltr'><strong>et</strong></span> <span class='ocrx_word' id='word_1_78' title='bbox 656 1765 742 1825; x_wconf 87' lang='lat' dir='ltr'><strong>quota</strong></span> 
     </span>
     <span class='ocr_line' id='line_1_21' title="bbox 288 1827 800 1900; baseline -0.014 -16"><span class='ocrx_word' id='word_1_79' title='bbox 288 1831 413 1900; x_wconf 84' lang='lat' dir='ltr'><strong>Pelignis</strong></span> <span class='ocrx_word' id='word_1_80' title='bbox 425 1845 534 1882; x_wconf 84' lang='lat' dir='ltr'><strong>caream</strong></span> <span class='ocrx_word' id='word_1_81' title='bbox 546 1827 705 1896; x_wconf 83' lang='lat' dir='ltr'><strong>frigoribus,</strong></span> <span class='ocrx_word' id='word_1_82' title='bbox 715 1832 800 1880; x_wconf 86' lang='lat' dir='ltr'><strong>taces.</strong></span> 
     </span>
     <span class='ocr_line' id='line_1_22' title="bbox 253 1901 640 1967; baseline -0.018 -12"><span class='ocrx_word' id='word_1_83' title='bbox 253 1904 298 1955; x_wconf 90' lang='lat' dir='ltr'><strong>Da</strong></span> <span class='ocrx_word' id='word_1_84' title='bbox 307 1901 405 1953; x_wconf 87' lang='lat' dir='ltr'><strong>Lunae</strong></span> <span class='ocrx_word' id='word_1_85' title='bbox 416 1916 533 1967; x_wconf 77' lang='lat' dir='ltr'><strong>propere</strong></span> <span class='ocrx_word' id='word_1_86' title='bbox 544 1913 640 1960; x_wconf 78' lang='lat' dir='ltr'><strong>novar,</strong></span> 
     </span>
     <span class='ocr_line' id='line_1_23' title="bbox 179 1960 866 2043; baseline -0.012 -19"><span class='ocrx_word' id='word_1_87' title='bbox 179 1989 210 2024; x_wconf 78' lang='grc' dir='ltr'><strong>ιο</strong></span> <span class='ocrx_word' id='word_1_88' title='bbox 289 1970 334 2043; x_wconf 75' lang='lat' dir='ltr'><strong>Da</strong></span> <span class='ocrx_word' id='word_1_89' title='bbox 343 1970 440 2020; x_wconf 85' lang='lat' dir='ltr'><strong>Noctis</strong></span> <span class='ocrx_word' id='word_1_90' title='bbox 451 1970 568 2030; x_wconf 86' lang='lat' dir='ltr'><strong>mediae,</strong></span> <span class='ocrx_word' id='word_1_91' title='bbox 580 1969 623 2029; x_wconf 86' lang='lat' dir='ltr'><strong>da,</strong></span> <span class='ocrx_word' id='word_1_92' title='bbox 634 1982 712 2033; x_wconf 88' lang='lat' dir='ltr'><strong>puer,</strong></span> <span class='ocrx_word' id='word_1_93' title='bbox 723 1960 836 2034; x_wconf 68' lang='lat' dir='ltr'><strong>auguris</strong></span> <span class='ocrx_word' id='word_1_94' title='bbox 862 1995 866 2001; x_wconf 91' lang='lat'><em>-</em></span> 
     </span>
     <span class='ocr_line' id='line_1_24' title="bbox 253 2039 683 2098; baseline -0.021 -5"><span class='ocrx_word' id='word_1_95' title='bbox 253 2041 402 2093; x_wconf 83' lang='lat' dir='ltr'><strong>Murenae:</strong></span> <span class='ocrx_word' id='word_1_96' title='bbox 416 2039 513 2098; x_wconf 88' lang='lat' dir='ltr'><strong>tribus,</strong></span> <span class='ocrx_word' id='word_1_97' title='bbox 525 2043 574 2085; x_wconf 91' lang='lat' dir='ltr'><strong>aut</strong></span> <span class='ocrx_word' id='word_1_98' title='bbox 584 2051 683 2085; x_wconf 80' lang='lat' dir='ltr'><strong>novem</strong></span> 
     </span>
     <span class='ocr_line' id='line_1_25' title="bbox 288 2103 843 2170; baseline -0.014 -10"><span class='ocrx_word' id='word_1_99' title='bbox 288 2109 444 2159; x_wconf 86' lang='lat' dir='ltr'><strong>Miscentur</strong></span> <span class='ocrx_word' id='word_1_100' title='bbox 455 2104 563 2170; x_wconf 84' lang='lat' dir='ltr'><strong>cyathis</strong></span> <span class='ocrx_word' id='word_1_101' title='bbox 572 2103 673 2169; x_wconf 85' lang='lat' dir='ltr'><strong>pocula</strong></span> <span class='ocrx_word' id='word_1_102' title='bbox 683 2103 843 2155; x_wconf 81' lang='lat' dir='ltr'><strong>cenrmcdis.</strong></span> 
     </span>
     <span class='ocr_line' id='line_1_26' title="bbox 255 2174 640 2239; baseline -0.016 -11"><span class='ocrx_word' id='word_1_103' title='bbox 255 2178 309 2239; x_wconf 77' lang='lat' dir='ltr'><strong>Qui</strong></span> <span class='ocrx_word' id='word_1_104' title='bbox 319 2178 415 2228; x_wconf 84' lang='lat' dir='ltr'><strong>Musas</strong></span> <span class='ocrx_word' id='word_1_105' title='bbox 425 2179 501 2223; x_wconf 87' lang='lat' dir='ltr'><strong>amat</strong></span> <span class='ocrx_word' id='word_1_106' title='bbox 511 2174 640 2237; x_wconf 85' lang='lat' dir='ltr'><strong>impares,</strong></span> 
     </span>
     <span class='ocr_line' id='line_1_27' title="bbox 289 2239 813 2308; baseline -0.015 -10"><span class='ocrx_word' id='word_1_107' title='bbox 289 2248 398 2298; x_wconf 84' lang='lat' dir='ltr'><strong>Ternos</strong></span> <span class='ocrx_word' id='word_1_108' title='bbox 409 2250 453 2294; x_wconf 75' lang='lat' dir='ltr'><strong>tar</strong></span> <span class='ocrx_word' id='word_1_109' title='bbox 464 2239 580 2308; x_wconf 84' lang='lat' dir='ltr'><strong>cyathus</strong></span> <span class='ocrx_word' id='word_1_110' title='bbox 590 2243 726 2291; x_wconf 85' lang='lat' dir='ltr'><strong>attonitus</strong></span> <span class='ocrx_word' id='word_1_111' title='bbox 736 2245 813 2307; x_wconf 85' lang='lat' dir='ltr'><strong>petet</strong></span> 
     </span>
     <span class='ocr_line' id='line_1_28' title="bbox 180 2311 655 2380; baseline -0.008 -16"><span class='ocrx_word' id='word_1_112' title='bbox 180 2313 209 2365; x_wconf 84' lang='lat'><strong>15</strong></span> <span class='ocrx_word' id='word_1_113' title='bbox 254 2317 352 2368; x_wconf 84' lang='lat' dir='ltr'><strong>Vates:</strong></span> <span class='ocrx_word' id='word_1_114' title='bbox 366 2319 424 2364; x_wconf 88' lang='lat' dir='ltr'><strong>tres</strong></span> <span class='ocrx_word' id='word_1_115' title='bbox 434 2311 563 2380; x_wconf 83' lang='lat' dir='ltr'><strong>prohibet</strong></span> <span class='ocrx_word' id='word_1_116' title='bbox 572 2326 655 2379; x_wconf 80' lang='lat' dir='ltr'><strong>supra</strong></span> 
     </span>
     <span class='ocr_line' id='line_1_29' title="bbox 289 2378 803 2447; baseline -0.016 -11"><span class='ocrx_word' id='word_1_117' title='bbox 289 2386 422 2436; x_wconf 81' lang='lat' dir='ltr'><strong>Rixarunr</strong></span> <span class='ocrx_word' id='word_1_118' title='bbox 433 2388 559 2433; x_wconf 83' lang='lat' dir='ltr'><strong>metuens</strong></span> <span class='ocrx_word' id='word_1_119' title='bbox 569 2386 684 2447; x_wconf 81' lang='lat' dir='ltr'><strong>tangere</strong></span> <span class='ocrx_word' id='word_1_120' title='bbox 695 2378 803 2442; x_wconf 80' lang='lat' dir='ltr'><strong>Gratia,</strong></span> 
     </span>
     <span class='ocr_line' id='line_1_30' title="bbox 254 2451 607 2506; baseline -0.023 0"><span class='ocrx_word' id='word_1_121' title='bbox 254 2455 343 2506; x_wconf 85' lang='lat' dir='ltr'><strong>Nudis</strong></span> <span class='ocrx_word' id='word_1_122' title='bbox 352 2455 447 2504; x_wconf 82' lang='lat' dir='ltr'><strong>iuncta</strong></span> <span class='ocrx_word' id='word_1_123' title='bbox 458 2451 607 2502; x_wconf 87' lang='lat' dir='ltr'><strong>sororibus.</strong></span> 
     </span>
     <span class='ocr_line' id='line_1_31' title="bbox 290 2518 778 2584; baseline -0.014 -9"><span class='ocrx_word' id='word_1_124' title='bbox 290 2522 414 2575; x_wconf 77' lang='lat' dir='ltr'><strong>insanire</strong></span> <span class='ocrx_word' id='word_1_125' title='bbox 426 2524 513 2570; x_wconf 82' lang='lat' dir='ltr'><strong>iuvat:</strong></span> <span class='ocrx_word' id='word_1_126' title='bbox 530 2535 580 2569; x_wconf 84' lang='lat' dir='ltr'><strong>cur</strong></span> <span class='ocrx_word' id='word_1_127' title='bbox 592 2518 778 2584; x_wconf 83' lang='lat' dir='ltr'><strong>Berecyntiae</strong></span> 
     </span>
     <span class='ocr_line' id='line_1_32' title="bbox 257 2586 607 2643; baseline -0.017 0"><span class='ocrx_word' id='word_1_128' title='bbox 257 2588 372 2643; x_wconf 74' lang='lat' dir='ltr'><strong>cessant</strong></span> <span class='ocrx_word' id='word_1_129' title='bbox 383 2588 495 2639; x_wconf 84' lang='lat' dir='ltr'><strong>flamina</strong></span> <span class='ocrx_word' id='word_1_130' title='bbox 504 2586 607 2638; x_wconf 67' lang='lat' dir='ltr'><strong>tibiaci</strong></span> 
     </span>
     <span class='ocr_line' id='line_1_33' title="bbox 134 2651 826 2731; baseline -0.009 -21"><span class='ocrx_word' id='word_1_131' title='bbox 134 2728 135 2731; x_wconf 8' lang='grc' dir='ltr'><strong>Ἴ</strong></span> <span class='ocrx_word' id='word_1_132' title='bbox 177 2666 236 2723; x_wconf 69' lang='lat'><strong>200</strong></span> <span class='ocrx_word' id='word_1_133' title='bbox 291 2660 347 2709; x_wconf 82' lang='lat' dir='ltr'><strong>Cur</strong></span> <span class='ocrx_word' id='word_1_134' title='bbox 356 2658 458 2724; x_wconf 84' lang='lat' dir='ltr'><strong>pendet</strong></span> <span class='ocrx_word' id='word_1_135' title='bbox 468 2658 555 2708; x_wconf 84' lang='lat' dir='ltr'><strong>tacita</strong></span> <span class='ocrx_word' id='word_1_136' title='bbox 565 2655 661 2708; x_wconf 80' lang='lat' dir='ltr'><strong>fistula</strong></span> <span class='ocrx_word' id='word_1_137' title='bbox 672 2670 733 2709; x_wconf 87' lang='lat' dir='ltr'><strong>cum</strong></span> <span class='ocrx_word' id='word_1_138' title='bbox 744 2651 826 2720; x_wconf 63' lang='lat' dir='ltr'><strong>lyrai</strong></span> 
     </span>
    </p>
   </div>
   <div class='ocr_carea' id='block_1_11' title="bbox 0 0 1046 3075">
    <p class='ocr_par' dir='ltr' id='par_1_11' title="bbox 0 0 1046 3075">
     <span class='ocr_line' id='line_1_34' title="bbox 0 0 1046 3075; baseline 0 0"><span class='ocrx_word' id='word_1_139' title='bbox 0 0 1046 3075; x_wconf 95' lang='lat' dir='ltr'><strong> </strong></span> 
     </span>
    </p>
   </div>
   <div class='ocr_carea' id='block_1_12' title="bbox 1040 0 1042 2027">
    <p class='ocr_par' dir='ltr' id='par_1_12' title="bbox 1040 0 1042 2027">
     <span class='ocr_line' id='line_1_35' title="bbox 1040 0 1042 2027; baseline 0 0"><span class='ocrx_word' id='word_1_140' title='bbox 1040 0 1042 2027; x_wconf 95' lang='lat' dir='ltr'><strong> </strong></span> 
     </span>
    </p>
   </div>
  </div>
 </body>
</html>
