2084 3075
315 170 461 224 LIBER
487 172 526 224 ll.
553 171 578 224 3.
772 177 824 229 205

37 273 155 337 (Quid
177 266 233 326 talu
249 274 398 342 magnuml
423 274 645 336 addens)=unum
662 290 706 328 me
720 280 825 343 surpite

481 343 578 395 morti!

36 411 109 463 Dis
122 415 230 465 etenim
241 413 325 465 facile
336 418 392 475 est,
404 414 514 464 orabat:
531 428 615 463 sanus
626 416 751 482 utrisque

41 481 196 545 Auribus,
208 487 292 549 atque
303 482 405 544 oculis;
421 488 542 533 mentem
553 484 606 532 nisi
617 482 755 548 litigiosus
834 488 883 542 285

38 553 214 617 Exciperet
224 551 366 612 dominus,
381 565 465 616 quum
476 551 619 668 verpdelet.
641 552 704 604 Hoc
714 567 824 619 quoque

478 634 514 669 vu
527 635 578 686 gus

43 688 235 757 Chrysippus
245 689 324 755 ponit
334 688 454 739 fecunda
464 691 492 738 in
503 693 586 755 gente
598 690 719 742 Meneni.
789 743 794 750 ,

41 761 182 825 Iupiter,
192 762 321 824 ingentes
333 759 379 824 qui
391 756 453 818 dus,
465 757 619 826 adimisque
630 759 755 812 dolores!

43 829 174 890 (Mater
186 828 226 876 ait
236 828 315 891 pueri
327 841 435 877 menses
445 827 500 877 iam
512 830 632 895 quinque
643 829 790 894 cubantis,)

45 896 179 964 Frigida
190 898 212 945 ei
223 910 339 961 puerum
351 901 489 964 quartana
500 897 655 966 reliquerit:
671 899 720 950 illo
797 937 801 943 ,
835 913 886 965 29⁰

46 967 148 1017 Mane
160 966 219 1027 die,
230 980 284 1031 quo
296 969 327 1015 tu
339 966 437 1016 indicis
447 968 565 1028 ieiunia,
577 969 668 1018 nudus

47 1036 91 1087 ln
102 1036 205 1086 Tiberi
216 1035 310 1084 stabit.
332 1036 431 1100 Casus,
443 1036 601 1088 medicusve
612 1037 712 1088 levarit

53 1107 186 1170 Aegrum
197 1120 231 1155 ex
243 1106 402 1171 praecipiti3
419 1110 509 1156 mater
520 1106 610 1157 delira
620 1108 731 1158 necabit

53 1174 93 1224 ln
106 1174 201 1240 gelida
212 1176 296 1224 lixum
307 1176 382 1240 ripa,
394 1174 549 1240 febrimque
559 1176 683 1225 reducet.
756 1211 758 1214 ι

57 1244 165 1304 Quone
177 1244 250 1293 malo
261 1249 383 1295 mentem
395 1242 547 1295 concussal
562 1246 664 1294 timore
674 1242 809 1293 Deorum.
837 1239 886 1307 295

57 1313 146 1362 Haec
157 1312 224 1362 mihi
235 1312 399 1374 Stertinius,
410 1315 568 1380 sapientum
580 1317 708 1373 octavus,
719 1315 809 1362 amico

58 1382 151 1432 Arma
161 1381 250 1444 dedit3
264 1383 380 1447 posthac
391 1400 425 1434 ne
437 1383 623 1448 compellerer
633 1381 748 1431 inultus.

60 1449 180 1500 Dixerit
190 1453 318 1502 insanum
329 1453 377 1517 qui
387 1466 445 1511 me,
455 1451 574 1501 totidem
586 1449 695 1512 audiet3
710 1440 794 1516 atque

60 1518 216 1586 Respicere
225 1523 321 1587 ignoto
333 1519 422 1571 discet
431 1518 584 1585 pendentia
593 1524 682 1586 tergo.

63 1589 175 1650 Stoice,
186 1595 250 1654 post
260 1589 390 1639 damnum
400 1590 440 1639 sic
449 1587 553 1639 vendas
564 1591 658 1640 omniu
668 1587 758 1655 pluris
764 1606 771 1652 ;
839 1584 888 1635 500

64 1661 132 1721 Qua
142 1672 186 1707 me
196 1657 318 1707 stultitia
329 1659 470 1723 (quoniam
481 1672 537 1707 non
547 1664 590 1723 est
600 1662 796 1725 genusunum)

64 1728 193 1779 insanire
204 1724 303 1792 putasl
318 1740 370 1791 ego
381 1740 445 1775 nam
455 1726 552 1777 videor
562 1727 628 1777 mihi
638 1743 729 1779 sanus.

66 1793 828 1865 QuidlcaputabscissummanibusquumportatAgave

69 1866 155 1917 Grati
165 1864 299 1926 infelicis,
309 1864 361 1914 sibi
371 1861 431 1913 tum
442 1862 551 1913 furiosa
559 1865 688 1915 videtur?

69 1933 191 1986 Stultum
203 1951 248 1985 me
258 1934 360 1995 fateor,
373 1933 469 1994 (liceat
479 1933 632 1982 concedere
642 1934 727 1993 veris)
838 1937 888 1988 505

69 2005 157 2069 litque
167 2006 252 2055 etiam
257 2006 398 2055 insonum:
409 2007 520 2053 tantum
527 1999 580 2051 hoc
586 2000 717 2062 edissere,
724 2015 778 2067 quo
784 2017 829 2054 me

71 2075 220 2138 Aegrotere
230 2080 311 2140 putes
322 2073 493 2124 animivitio.
514 2073 626 2136 Accipe:
642 2071 763 2136 primum

72 2142 204 2194 Aedificas
211 2161 218 2207 3
235 2143 287 2195 hoe
298 2149 352 2205 est,
363 2144 462 2211 longos
473 2143 606 2203 imitaris,
618 2142 652 2192 ab
662 2141 719 2191 imo

73 2211 113 2263 Ad
124 2227 257 2263 summum
267 2218 344 2264 totus
355 2212 460 2264 moduli
469 2210 620 2278 bipedalis3
637 2215 665 2262 et
674 2210 749 2261 idem

74 2280 191 2347 Corpore
203 2285 336 2334 maiorem
346 2283 423 2334 rides
434 2282 575 2332 Turbonis
585 2282 614 2329 in
625 2281 710 2330 armis
839 2280 889 2331 510

76 2349 215 2417 Spiritum,
227 2358 255 2404 et
264 2354 417 2403 incessum:
434 2355 481 2417 qui
491 2351 627 2400 ridiculus
638 2351 729 2399 minus
739 2347 808 2400 illoi

77 2423 116 2472 liu
139 2421 328 2491 quodcumque
355 2420 423 2472 facit
442 2419 605 2479 Maecenas,
636 2423 664 2468 te
684 2432 793 2485 quoque

483 2492 641 2556 remulcet,

80 2562 164 2613 Tanto
175 2560 350 2621 dissimilem,
360 2565 389 2611 et
396 2563 476 2609 tanto
488 2563 597 2609 certare
606 2555 760 2608 minoreml

82 2631 199 2682 Absentis
209 2644 295 2680 ranae
306 2629 390 2696 pullis
399 2628 479 2678 vituli
488 2628 560 2694 pede
571 2628 682 2692 pressis,

82 2700 152 2750 llnus
161 2700 206 2750 ubi
217 2697 328 2767 effugit,
339 2700 423 2749 matri
432 2698 579 2760 denarrat,
589 2702 622 2747 ut
632 2698 730 2765 ingens
842 2690 891 2742 315
969 2727 972 2740 1
