2084 3075
216 161 249 214 12
466 162 722 241 clausurn

461 315 560 389 01)
586 317 623 388 Il
674 315 745 387 X.·

289 444 485 496 HYMNUS
510 448 571 494 AD
596 445 897 512 MERCURIUM·
942 477 986 535 ··

505 546 673 560 *n—

216 611 578 683 Quemlandatafaonndi'cz,
586 629 603 662 a
605 610 779 681 parentibus,
786 609 969 679 apulaestrae

210 687 240 729 et
248 678 324 744 lyrae
335 679 504 740 inventione,
526 698 544 728 α
554 682 675 729 maximo
686 680 715 728 in
718 679 845 749 furando
857 676 969 727 callidi-

244 754 310 810 tate,
322 753 406 812 atque
416 746 452 795 ab
463 748 505 806 iia,
517 747 616 816 quibus
619 748 763 818 fungitur,
773 742 937 795 muneribus.

486 879 588 916 METR.
607 879 693 914 xvn.

280 929 433 1028 Mercuri,
443 964 564 1016 facunde
574 979 661 1030 nepos
670 961 800 1023 Atlantis,
856 990 859 996 ·
954 981 957 987 ·

281 1034 336 1095 Qui
347 1033 422 1087 feros
433 1034 525 1085 cultus
536 1032 678 1084 hominum
688 1036 831 1082 recentum

279 1101 355 1155 Voce
366 1103 493 1153 formasti
505 1107 592 1162 catus,
603 1107 632 1152 et
643 1101 760 1152 decorae

350 1172 431 1223 More
441 1170 611 1236 palaestrae:

277 1274 319 1325 Te
330 1289 436 1331 canam,
447 1273 540 1338 magni
551 1273 631 1332 lovis,
643 1275 671 1322 et
681 1271 804 1323 Deorum

277 1342 424 1403 Nomium,
436 1345 591 1407 currraequ'e
602 1341 682 1406 lyrae
692 1348 834 1406 parentem
841 1357 849 1404 3

278 1411 425 1472 callidum,
435 1410 571 1476 quidquid
581 1409 695 1474 placuit,
706 1412 800 1462 iocoso

348 1479 473 1531 Condere
484 1478 569 1530 furto.

177 1578 187 1585 ”
276 1586 326 1645 Te,
338 1585 420 1636 boves
432 1585 498 1634 olim
509 1586 563 1634 nisi
573 1585 742 1655 reddidisses

274 1653 330 1704 Per
341 1653 437 1703 dolum
449 1659 566 1715 ansatas,
576 1669 692 1722 puerum
704 1652 806 1703 minaci

274 1720 350 1773 Voce
361 1722 426 1771 dum
438 1725 535 1783 terret,
545 1723 644 1773 viduus
655 1720 797 1787 pharetra,

344 1790 417 1840 Risit
427 1790 533 1855 Apollo.

275 1891 349 1952 Quin
360 1893 518 1955 retorridas,
531 1893 601 1944 doce
612 1897 649 1954 te,
660 1892 803 1958 superbos,

274 1961 326 2012 llio
338 1961 414 2014 dives
425 1962 554 2012 Priamus
566 1962 673 2023 relicto,

275 2028 479 2098 Thessalosque
489 2033 576 2096 ignes,
587 2034 616 2080 ct
626 2030 722 2097 iniqua
731 2030 835 2083 Troiae

343 2100 441 2151 Castra
451 2099 560 2150 fefellit.

274 2202 318 2252 'l'u
329 2204 389 2268 pias
400 2201 483 2253 laetis
495 2202 602 2252 animas
613 2205 726 2270 reponis
751 2211 754 2215 ’

274 2267 404 2334 Sedibus3
419 2271 552 2338 virgaque
562 2272 651 2323 levem
662 2287 774 2325 coerces

272 2339 364 2392 Aurea
373 2340 492 2402 turbam,
502 2343 610 2405 superis
619 2340 744 2392 Deorum

159 2421 193 2456 20
343 2407 456 2471 Gratus,
467 2413 495 2460 et
506 2410 577 2459 imis.

502 2608 661 2622 *αι-ι·-
