2084 3075
321 157 470 209 LIBER
497 160 518 211 1.

109 253 260 314 Conditum
272 259 335 323 levi,
347 261 429 312 datus
439 261 470 312 in'
479 260 606 315 Theatra

183 331 274 392 Quum
284 331 334 382 tibi
346 331 472 395 plausum·

109 445 182 494 Care
193 442 341 493 Maecenas
352 458 445 509 eques,
454 447 486 492 ut
496 445 606 509 paterni

106 511 246 562 Fluminis
257 503 341 576 rique,
351 512 434 561 simul
444 516 473 562 et
482 514 578 564 iocosa

105 579 251 633 Redderet
259 580 358 630 laudes
369 581 420 630 tibi
430 579 557 631 Vaticani

178 650 284 701 Mentis
295 652 397 716 imago.

107 760 274 822 Caecubam,
285 765 314 811 et
324 760 421 825 praelo
433 760 566 814 domitam
577 762 682 815 Caleno

107 830 154 880 Tu
162 830 240 880 bibes
250 844 344 879 uvam:
361 844 424 881 mea
433 845 485 881 nec
493 829 632 882 Falernae
810 848 840 881 ιο

106 899 279 963 Temperant
287 901 367 959 vites,
378 913 470 965 neque
481 898 624 950 Formiani

177 966 284 1019 Pocula
295 967 391 1020 colles.

40 1113 789 1171 ΦΦΦΦΘΦΦΦΦΦΦΦΦΦΦΦΦΦΦΦΦΦΦΦΦΦΦΦΦΦ

238 1246 285 1350 ¹o
311 1247 350 1317 υ
375 1249 413 1319 r,
465 1235 591 1320 XXI.

53 1375 225 1425 nummus
239 1379 291 1425 AD
306 1378 463 1426 umnam
474 1379 527 1426 Er
541 1349 776 1427 ereremum.

338 1484 504 1494 ——-.

31 1565 176 1615 Hortatur
190 1557 316 1629 virginer
332 1566 477 1675 etlpucelm
493 1558 533 1609 ad
548 1547 691 1610 c‘aneddaa
707 1575 807 1610 eorum

376 1642 413 1675 au
434 1643 471 1677 88.
580 1645 584 1650 '

323 1768 423 1808 HETR.
442 1768 510 1807 xlx.

70 1824 207 1907 Dianam
216 1858 332 1908 tenerae
344 1858 427 1908 dieite
438 1856 574 1923 virginem

70 1927 222 1988 intonsum,
233 1927 322 1992 pueri,
333 1926 418 1978 dicite
429 1924 589 1991 Cynthium,

107 1994 300 2061 Latonamque
311 2010 441 2061 supremo

142 2061 280 2114 Dilectum
291 2065 402 2130 penitus
410 2064 476 2114 lovi,

71 2173 244 2226 Voslaetam
255 2175 354 2237 fluviis,
366 2179 650 2241 etnemorumeoma,
807 2180 822 2230 5

72 2243 270 2310 Quaecumque
281 2250 333 2294 aut
341 2244 434 2310 gelido
445 2245 586 2309 prominet
595 2243 704 2310 Algido,

106 2311 141 2362 Ni
163 2313 199 2361 ris
210 2318 259 2362 aut
268 2311 437 2378 Erymanthi

142 2326 232 2444 gilvis,
242 2386 292 2431 aut
300 2380 397 2431 viridis
408 2381 503 2448 Gragi:

70 2492 128 2544 Vos
139 2493 244 2560 Tempe
253 2494 371 2545 totidem
381 2491 473 2543 tollite
484 2491 630 2556 laudibus3

70 2562 264 2628 Natalemque,
274 2578 375 2625 mares,
385 2561 477 2612 Delon
487 2561 632 2626 Apollinis,
720 2595 723 2599 -
809 2581 840 2614 ro

106 2632 301 2699 insignemque
312 2631 455 2699 pharetra,

140 2697 335 2768 Fraternaque
345 2700 492 2750 humerum
502 2697 575 2764 lyra.
