2084 3075
259 682 414 738 Abeunrem
430 683 458 725 et
471 673 544 724 rotis
557 666 750 739 prosequitur,
771 670 799 712 et
808 660 842 709 de
848 657 992 728 periculis

393 751 493 805 monet,
501 732 754 806 Europesquefata
765 730 853 779 docet.

493 859 499 873 ⁸
520 881 620 920 narn.
639 876 724 913 xvrr,

314 945 426 1043 Impius
436 985 536 1044 parrae
547 964 698 1019 recinentis
709 976 790 1011 omen

315 1046 422 1105 Ducat,
433 1047 462 1093 et
471 1051 628 1106 praegnans
639 1033 729 1091 oanis,
741 1034 791 1078 aut
800 1025 835 1076 ab
846 1039 918 1091 agro

308 1114 391 1164 Rara
401 1113 554 1163 decurrens
565 1107 631 1170 lupa
641 1100 786 1159 Lanivino,

386 1179 510 1244 Fetaque
522 1175 632 1240 vulpes:

316 1286 437 1350 Rumpat
447 1284 476 1332 et
486 1294 600 1345 serpens
609 1279 663 1327 iter
671 1274 841 1332 institutum,

319 1354 348 1406 Si
357 1369 407 1420 per
418 1350 561 1416 obliquum
571 1344 798 1409 similissagittae

246 1435 248 1439 '
319 1424 437 1478 Terruit
446 1433 572 1471 mannos.
592 1417 652 1483 Ego
663 1414 709 1466 eui
719 1409 831 1471 timebo,

388 1490 527 1547 Providus
537 1499 650 1553 suspen,
746 1499 747 1502 ¹

318 1602 473 1666 Antequam
484 1599 591 1645 stantes
602 1592 712 1655 repetat
721 1585 837 1653 paludes

318 1670 451 1721 Imbrium
462 1666 555 1731 dirina
566 1663 623 1711 avis
635 1659 837 1717 imminentum,

320 1738 448 1788 Oscinem
458 1748 571 1785 corvum
582 1744 665 1797 prece
676 1725 815 1778 suscitabo
879 1720 883 1726 “

390 1804 462 1856 Solis
473 1804 507 1853 ab
518 1807 590 1851 ortu.

321 1910 365 1963 Sis
374 1909 443 1960 lieet
452 1907 534 1969 felix,
544 1905 712 1969 ubicumque
721 1899 821 1960 mavis3

320 1982 357 2030 Et
367 1993 472 2029 memor
484 1977 586 2036 nostri,
598 1973 729 2037 Galatea,
739 1971 814 2018 vivas
820 1982 828 2028 3

320 2049 417 2116 Teque
428 2063 480 2097 neo
490 2046 587 2095 laevus
596 2047 672 2093 vetet
682 2042 723 2091 ire
733 2039 821 2104 picus,

380 2115 448 2175 vNec
457 2128 528 2181 vaga
539 2113 644 2163 cornix.

321 2221 377 2274 Sed
385 2218 476 2278 vides,
488 2219 593 2282 quanto
603 2213 726 2280 trepidet
736 2208 859 2260 tumultu

320 2290 430 2342 Pronus
441 2287 537 2337 Orion.
558 2284 631 2352 Ego,
642 2281 709 2350 quid
719 2281 756 2329 sit
765 2283 826 2329 ater

321 2357 533 2419 Hadriae,novi
539 2391 547 2417 ,
557 2356 634 2403 sinus
640 2368 648 2415 3
664 2355 693 2402 et
702 2348 770 2416 qnid
779 2346 859 2397 olbus

390 2427 491 2478 Pecoet
500 2426 596 2489 Iapyx.

321 2527 452 2578 Hostium
462 2542 578 2587 uxores,
589 2523 723 2589 puerique
734 2533 832 2571 coecos

323 2595 451 2645 Sentiont
460 2601 553 2645 motus
564 2592 679 2643 orientis
690 2590 798 2649 Austri,
809 2591 837 2638 et

323 2665 458 2729 Aequoris
469 2664 540 2726 nigri
554 2661 708 2727 fremitum,
719 2662 748 2706 et
758 2658 913 2706 trementes

393 2730 513 2780 Verbere
524 2731 607 2792 ripas.
