2084 3075
352 148 499 201 mann
527 152 588 205 iv..
783 156 841 217 ,109

153 252 257 303 Fronte
269 258 396 303 curvatos
407 255 532 303 imitatus
542 255 623 321 ignes

154 323 280 371 Tertium
291 322 388 373 Lunae
398 322 549 374 referentis
560 329 661 387 ortum,

154 390 216 451 Qua
227 395 320 441 notam
332 392 424 453 duxit,
435 393 532 451 niveus
542 392 644 455 videri3

202 475 205 478 ·
225 460 324 511 Cetera
334 460 433 516 fulvus.

88 618 832 652 mmm

311 727 473 815 ons
521 741 620 816 ΙΙΙ.

154 876 214 923 ΑΒ
239 873 407 923 Mysas!
428 873 768 926 MELPOMENEN.

380 985 547 995 ’.η-...-

83 1060 120 1108 Se
137 1059 208 1108 artis
218 1061 346 1128 poeticae
357 1058 489 1127 beneficio
501 1060 736 1118 immortalitatem
746 1051 843 1111 consis-

364 1137 489 1178 cuturum
498 1146 566 1178 esse.
640 1169 643 1176 .

389 1268 490 1305 METR.
509 1268 537 1303 V.

86 1318 191 1417 Quem
202 1358 246 1416 tu,
257 1354 446 1420 Melpomene,
456 1354 543 1406 semel

119 1422 286 1474 Nascentem
297 1424 405 1487 placido
417 1424 521 1473 lumine
533 1424 650 1483 videris3

81 1493 166 1546 Illum
177 1508 231 1542 non
243 1491 322 1540 labor
331 1489 463 1540 Isthmius

120 1561 246 1611 Clarabit
255 1559 386 1624 pugilem,
398 1571 453 1608 non
463 1558 679 1624 equusimpiger

83 1633 179 1682 Curru
189 1627 273 1678 ducet
282 1624 385 1677 Aehaio

118 1697 274 1758 Victorem3
286 1710 376 1760 neque
387 1711 432 1746 res
442 1695 543 1746 bellica
554 1695 642 1746 Deliis

84 1771 223 1820 ornatum
236 1765 311 1830 soliis
322 1765 429 1827 ducem,
754 1816 758 1819 ⁷

122 1837 203 1898 Quod
214 1851 308 1903 regum
321 1835 441 1885 tumidas
453 1835 613 1886 contuderit
623 1836 721 1896 minas,

86 1907 223 1958 Ostendet
234 1904 383 1971 Capitolio:

123 1974 177 2026 Sed
188 1990 259 2041 quae
270 1976 359 2026 Tibur
370 1988 459 2040 aquae
471 1971 565 2025 fertile
575 1971 724 2039 perfluunt,

85 2047 124 2096 Et
132 2046 237 2110 spissae
248 2059 392 2096 nemorum
403 2057 508 2105 comae,

123 2114 243 2180 Fingent
252 2115 348 2165 Aeolio
360 2115 481 2164 carmine
492 2112 622 2163 nobilem.

86 2184 206 2245 Romae,
217 2185 347 2248 principis
359 2183 477 2244 urbium,

127 2251 268 2319 Dignatur
278 2253 389 2303 suboles
399 2254 472 2302 intes·
483 2252 618 2303 amabiles

85 2321 189 2373 Vatum
200 2336 303 2387 ponere
315 2337 359 2372 me
370 2320 482 2385 choi-om

121 2392 223 2442 Etiam
235 2392 317 2442 dente
327 2392 418 2445 minus
428 2388 671 2443 ntondaesintitio.

86 2463 124 2524 0,
134 2460 284 2514 testudinis
294 2475 397 2511 aureae

122 2530 241 2581 Dulcem
253 2546 325 2597 qnae
337 2530 498 2594 strepitum,
509 2527 597 2588 Pieri,
607 2531 758 2593 temperas3

87 2601 111 2650 0
122 2601 207 2649 unitis
219 2615 329 2667 quoque
340 2600 461 2664 piscibus

123 2669 271 2719 Donatum
282 2671 376 2736 cycni,
387 2670 411 2718 si
421 2667 520 2729 libeat,
532 2663 643 2716 sonum!
657 2714 666 2723 „
