2084 3075
338 188 527 241 LIBERI.
553 189 579 241 4.
785 190 837 244 169

81 294 249 360 vespertina
258 277 335 359 tepet
344 295 432 359 regio:
447 293 513 358 quin
525 306 575 358 per
585 292 659 342 mela
668 305 800 359 praeceps
844 296 878 346 30

66 363 195 426 ¹Fertur,
205 365 245 412 uti
257 362 346 428 pulvis
358 361 490 412 collectus
501 360 625 420 turbine;
640 360 752 427 nequid

76 430 193 482 Summa
205 432 339 497 deperdat
348 442 487 493 metuens,
498 433 548 479 aut
557 429 671 493 ampliet
681 435 713 479 ut
722 445 789 481 rem.
836 453 846 470 x

75 500 183 551 Omnes
193 500 221 551 hi
233 505 361 550 metuunt
369 513 479 560 versus,
490 499 574 549 odere
585 503 691 563 poetas.

74 567 204 620 Foeuum
223 565 308 619 habet
326 568 356 617 iu
371 582 470 629 cornu,
490 568 573 633 louge
588 567 665 633 fuge:
686 566 835 620 dummodo

491 638 580 686 risum

73 707 212 759 Excutiat
222 707 287 768 sibi,
299 720 353 755 non
364 704 409 756 hie
420 707 548 772 cuiquam
560 710 655 771 parcet
666 707 766 757 amico:
847 707 879 757 55
933 734 939 743 =

72 776 115 827 Et
125 775 317 841 quodcumque
328 774 414 824 semel
425 773 528 824 chartis
538 774 670 837 illeverit,
681 790 776 828 omues

74 843 190 894 Gestiet
200 858 217 894 a
227 843 309 893 furno
319 843 468 894 redeuntes
480 845 564 906 scire,
575 844 693 913 lacuque

72 913 116 965 Et
126 926 240 977 pueros,
250 915 278 963 et
288 927 366 962 anus.
384 912 517 980 Agedum,
527 928 616 978 pauca
626 916 719 979 accipe
731 917 836 966 contra.

75 980 205 1033 Primum
220 996 271 1047 ego
286 997 329 1032 me
343 981 470 1046 illorum,
491 982 619 1034 dederim
629 984 728 1051 quibus
742 999 802 1036 esse

513 1056 600 1115 oetas,

74 1119 363 1186 Excerpamuumero.
375 1121 471 1189 Neque
477 1066 837 1175 eiimeoncludoroversum
847 1125 880 1175 40

74 1188 193 1240 Dixeris
204 1205 264 1242 esse
276 1193 355 1241 satis:
374 1207 477 1258 neque,
492 1193 516 1241 si
528 1193 589 1255 quis
600 1194 716 1253 scribat,
726 1194 767 1241 uti
778 1206 838 1253 nos,
913 1204 916 1209 ·

74 1256 207 1308 Sermoni
217 1262 360 1325 propiora,
370 1265 451 1327 putes
461 1258 535 1309 hunc
546 1273 607 1310 esse
618 1263 737 1323 poetam.

73 1328 223 1394 Ingenium
235 1332 279 1378 eui
290 1331 338 1391 sit,
350 1331 394 1379 cui
405 1344 484 1379 meus
495 1329 627 1389 divinior,
638 1333 722 1393 atque
735 1340 765 1376 os

74 1396 184 1461 Magna
194 1402 369 1459 sonaturum,
380 1398 428 1448 des
440 1395 560 1454 nominis
570 1396 653 1446 huius
663 1395 806 1447 honerem.

74 1465 186 1517 Idcirco
197 1466 322 1531 quidam,
334 1467 491 1525 comoedia,
502 1480 589 1515 necue
599 1479 700 1528 poema
848 1464 881 1515 45

74 1534 175 1596 Esset,
186 1535 358 1601 quaesivere:
373 1533 447 1600 quod
458 1548 525 1584 acer
534 1534 660 1598 spiritus,
673 1548 705 1583 ac
715 1534 765 1595 ris,

73 1600 138 1655 Nee
147 1605 253 1663 verbis,
270 1617 321 1652 nec
332 1602 415 1652 rebus
425 1603 511 1665 inest,
531 1604 584 1652 nisi
596 1603 670 1669 quod
680 1603 750 1669 pede
762 1607 839 1653 certo

73 1671 186 1723 Differt
196 1673 318 1722 sermoni
329 1685 420 1720 sermo
431 1686 533 1721 merus.
556 1673 590 1721 At
603 1678 684 1737 pater
694 1670 796 1724 ardeus

77 1741 188 1803 Saevit,
199 1740 273 1807 quod
284 1740 430 1790 meretrice
441 1755 526 1805 nepos
536 1742 651 1791 insanus
662 1743 752 1792 amica

76 1811 181 1873 Filius3
196 1823 313 1860 uxorem
324 1808 422 1874 grandi
434 1824 496 1859 cum
507 1809 572 1860 dote
583 1815 707 1872 recusat3
764 1818 767 1824 '
848 1813 880 1867 50
921 1862 925 1875 χ

76 1880 181 1931 Ebrius
192 1884 233 1940 et,
248 1893 377 1944 magnum
388 1878 462 1944 quod
474 1878 610 1939 dedecus,
623 1878 746 1929 ambulat
757 1881 821 1930 anie

76 1948 197 2002 Noctem
208 1963 270 1999 eum
280 1946 395 1997 facibus.
415 1944 556 2013 Numquid
567 1935 734 2012 Pomponius
743 1949 804 1997 istis

78 2017 197 2069 Audiret
208 2017 324 2078 leriora3
339 2020 420 2080 pater
430 2018 453 2064 si
464 2014 586 2067 viveret?
600 2016 675 2083 Ergo

77 2085 143 2137 Nou
153 2088 221 2136 satis
232 2091 275 2136 est
284 2086 361 2150 puris
371 2101 481 2135 versum
492 2086 664 2150 perscribere
675 2087 779 2148 verbis;

79 2156 171 2218 Quem
180 2157 207 2205 si
215 2154 362 2213 dissolvas,
372 2156 460 2222 quivis
471 2153 663 2205 stomachetur
673 2155 771 2206 eodem
851 2156 883 2208 55

79 2225 143 2286 Quo
155 2227 320 2288 personatus
330 2232 412 2287 pacto
423 2228 512 2288 pater.
532 2224 598 2285 His,
610 2239 662 2291 ego
673 2239 744 2290 quae
755 2238 840 2286 uuuc;

80 2292 157 2343 Olim
168 2306 240 2359 quae
250 2293 360 2356 scripsit
371 2292 510 2354 Lucilius3
526 2294 628 2358 eripias
639 2294 663 2341 si
928 2295 930 2299 ’

80 2362 223 2428 Tempora
238 2365 327 2423 certa,
342 2359 507 2428 modosque3
527 2366 556 2412 et
570 2361 644 2427 quod
654 2361 731 2425 prius
744 2360 841 2412 ordine

495 2431 611 2481 verbum
621 2435 674 2491 est,

80 2501 225 2553 Posterius
236 2498 334 2562 facias,
345 2514 517 2566 praeponens
528 2499 626 2549 ultima
637 2498 743 2563 primis:

79 2571 157 2631 Non,
168 2575 200 2619 ut
209 2570 233 2618 si
244 2569 347 2619 solvas:
364 2569 515 2634 Postquam
527 2567 674 2618 Discordia
684 2569 758 2620 tetra
850 2570 884 2623 do

38 2686 42 2693 .
80 2638 157 2690 Belli
168 2638 288 2689 ferratos
297 2643 404 2704 postes,
415 2643 565 2704 portasque
576 2634 702 2702 refregit:

80 2708 209 2761 Invenias
221 2709 307 2761 etiem
318 2707 427 2760 disiecti
438 2707 562 2758 membra
572 2708 679 2772 poetae.
