2084 3075
318 173 465 226 LIBER
492 175 513 226 1.
544 174 584 227 lo.
780 179 829 233 185

285 326 532 430 ‚surram
568 319 615 398 x.

367 451 536 465 ψ·-

62 514 156 563 Suum
165 509 313 561 delucilio
324 510 456 560 iudicium
462 519 563 572 tuetur,
573 519 601 560 et
611 511 752 579 quaedam*
759 512 829 573 rcri-

120 578 273 629 bendarum
288 586 446 646 satyrarum
457 587 613 646 praecepta
624 579 779 647 adspergit.

65 645 217 744 [Lucili‚
228 691 309 745 quom
322 679 361 728 sis
371 678 534 741 mendosus,
545 684 617 731 teste
630 679 754 749 Catone„
815 692 818 743 ζ

63 748 227 800 Defensorc
238 753 297 807 tuo,
310 749 482 813 pervincum,
493 750 540 815 qui
551 749 624 799 male
636 746 725 800 factos

64 818 228 869 Emendare
237 822 318 883 parat
327 831 432 869 versus.
453 817 516 868 Hoc
525 818 616 868 lenius
627 818 685 880 illc,

64 887 122 938 Est
133 901 188 953 quo
197 888 238 937 vir
247 885 358 937 molior:
374 885 457 953 longe
468 887 597 938 subtilior
608 887 667 950 illo,

66 956 126 1017 Qui
137 954 253 1005 multum
263 971 332 1021 puer
343 961 371 1007 et
380 957 461 1018 loris,
473 961 502 1007 et
512 954 624 1007 funibus
635 956 697 1007 udis
839 954 855 1007 5

64 1023 255 1086 Emonam,
265 1030 395 1087 utesset,
407 1039 486 1090 opem
498 1028 545 1092 qui
557 1024 632 1078 ferre
642 1027 733 1093 poetis

66 1095 198 1160 Antiquis
212 1099 306 1159 posset
316 1100 415 1145 contra
426 1095 540 1146 fastidia
549 1100 654 1157 nostra,
771 1101 773 1103 ’

67 1163 324 1214 Grammaticorum
333 1166 458 1231 equitum
469 1165 653 1300 doctissimus.
670 1165 706 1215 Ut
715 1163 828 1216 redeam

484 1250 494 1283 1
518 1249 564 1284 uc:

67 1300 190 1401 Nempe
203 1335 387 1401 incomposito
399 1337 456 1388 dixi
467 1336 538 1402 pede
550 1349 664 1388 currere
675 1346 771 1385 versus
854 1359 859 1369 ·

65 1404 174 1455 Lucili:
189 1405 250 1471 quis
260 1409 319 1454 tam
330 1405 423 1456 Lucili
435 1405 529 1456 fautor
540 1407 634 1470 inepto
645 1408 696 1464 est,

65 1473 106 1523 Ut
115 1487 171 1523 non
181 1472 232 1525 hoc
244 1472 386 1523 fateatur?
404 1475 439 1522 At
449 1473 537 1533 idem,
549 1473 624 1540 quod
634 1471 693 1523 salo
704 1469 793 1521 mulio

65 1543 171 1594 Urbem
182 1543 326 1601 defricuit,
338 1541 435 1592 charta
444 1542 579 1593 laudatur
589 1541 695 1593 eadem.

64 1611 127 1664 Nec
138 1617 231 1663 tamon
241 1611 295 1662 hoc
305 1611 444 1681 tribuens,
459 1611 584 1662 dederim
599 1626 709 1680 quoquc
720 1615 827 1673 cetero3
838 1607 852 1660 5

108 1694 110 1698 ·
483 1695 600 1731 namsrc

65 1752 105 1803 Et
114 1749 219 1802 Laberi
228 1751 344 1811 Mimos,
354 1753 387 1797 ut
397 1747 514 1814 pulchra
524 1755 665 1820 poemata,
676 1752 769 1802 miror.

65 1821 145 1887 Ergo
155 1834 210 1870 non
221 1821 289 1869 satis
301 1823 354 1878 est,
366 1819 425 1867 risu
437 1817 567 1868 diducere
578 1821 680 1869 rictum

65 1889 225 1949 Auditoria;
236 1891 264 1937 et
275 1891 318 1936 est
323 1884 459 1953 quaedam
465 1886 610 1936 tameuhic
617 1887 828 1952 quoquevirtus.

65 1960 119 2010 Est
129 1958 265 2008 brevitate
277 1969 359 2020 opus,
370 1959 401 2003 ut
411 1957 506 2005 currat
516 1956 667 2016 sententia3
683 1968 737 2004 neu
747 1969 776 2004 se
825 1992 827 1995 .

65 2026 206 2094 Impediat
216 2025 307 2076 verbis
318 2025 406 2075 lassas
417 2024 598 2074 onerantibus
609 2038 699 2073 aures.
841 2042 872 2075 ιο

65 2097 103 2148 Et
115 2110 243 2147 sermone
254 2110 322 2160 opus
333 2099 376 2146 est
386 2093 468 2144 modo
480 2094 569 2154 tristi,
580 2108 662 2159 saepe
673 2094 783 2153 iocooo;

66 2163 244 2217 Defendentc
255 2167 342 2214 vicem
355 2164 437 2214 modo
447 2162 582 2226 rhetoris,
594 2168 677 2230 atque
688 2163 800 2227 poetae3

66 2235 211 2287 Interdum
221 2234 331 2296 urbani,
341 2234 480 2298 parcentis
490 2234 609 2293 viribus,
621 2236 705 2299 atque

66 2303 254 2356 Extenuantio
265 2312 315 2354 eas‘
323 2301 460 2354 consulto.
479 2301 637 2352 Ridiculum
649 2301 707 2350 acri

68 2373 184 2424 Fortius
195 2376 224 2423 et
234 2371 334 2423 melius
344 2385 460 2437 magnas
470 2370 635 2438 plerumque
646 2371 788 2419 senatres.
842 2366 873 2418 15

68 2441 129 2507 lili,
139 2436 246 2506 scripta*
253 2440 351 2507 quibus
363 2438 507 2489 comoedia
517 2440 610 2504 prisca
619 2439 687 2487 viris
698 2440 750 2497 est,

69 2511 133 2561 Hoc
139 2507 533 2572 stabant,hocsuutimitandi;
545 2522 613 2574 quos
620 2521 708 2572 neque
714 2503 829 2570 pulcher

68 2581 262 2647 Hermogenes
271 2593 402 2645 umquam
413 2577 494 2644 legit,
504 2592 594 2644 neque
605 2577 701 2625 simius
712 2576 774 2637 iste,

69 2649 119 2702 Nil
127 2653 238 2715 praeter
249 2647 376 2711 Calvum,
388 2651 417 2698 et
426 2647 524 2697 doctus
534 2649 647 2697 cantare
659 2644 806 2695 Catullum.

70 2721 107 2772 At
117 2731 247 2788 magnum
257 2717 338 2783 fecit,
349 2716 424 2786 quod
432 2715 524 2769 verbis
534 2714 643 2770 Graeca
652 2713 762 2767 Latinis
840 2723 874 2758 20
