2084 3075
244 207 248 228 t
319 190 507 248 LIBER.
677 210 684 222 ⁸
743 195 821 249 151'

47 299 129 351 Tibi
140 297 281 364 hospitale
291 303 401 364 peetus,
412 305 441 351 et
449 313 537 365 purae
548 313 659 364 manus3

49 371 204 435 Tuusque
213 373 309 419 venter
320 370 504 433 partumeius3
522 373 551 420 et
561 374 610 419 tuo
803 367 835 419 50

53 439 177 488 Cruore
187 438 287 488 rubros
297 438 432 489 obstetrix
442 452 549 505 pannos
559 437 637 501 lavit,

52 507 226 573 Utcumque
238 506 319 557 fortis
328 506 423 558 exsilis
433 523 578 573 puerpera.

205 616 367 654 carinus
386 616 583 653 ansronsro.

56 671 144 734 Quid
156 670 295 723 obseratis
306 672 419 720 auribus
430 669 524 721 fundis
535 670 648 736 precest

55 739 129 793 Non
143 754 215 790 saxa
224 739 306 789 nudis
316 739 446 789 surdiora
455 741 555 789 navitis

57 810 218 875 Neptunus
229 808 287 859 aito
298 808 391 858 tundit
402 808 533 859 hibernus
544 810 613 862 salo.

58 879 183 931 lnultus
193 882 225 928 ut
235 882 267 927 tu
277 879 373 928 riseris
385 878 511 943 Cotyttia
687 939 691 946 x

60 946 206 1014 Vulgata,
217 963 325 998 sacrum
338 947 419 998 liberi
431 944 591 1014 Cupidinis?
603 943 612 958 '

62 1017 119 1079 Et,
130 1018 273 1084 Esquilini
284 1017 415 1068 Pontifex
424 1018 550 1078 venetici,

64 1087 188 1152 Impune
199 1092 230 1137 ut
240 1086 342 1138 Urbem
352 1089 463 1138 nomine
472 1086 597 1152 impleris
608 1086 688 1139 meai

68 1156 149 1216 Quid
159 1157 284 1222 proderit
293 1158 396 1210 ditasse
407 1155 537 1224 Pelignas
548 1169 627 1218 anus,

67 1223 236 1276 Velociusve
246 1229 389 1279 miscuisse
400 1227 532 1287 toxicum,

70 1292 103 1344 Si
113 1294 308 1350 tardiorafata
318 1301 346 1348 te
355 1298 427 1347 votis
437 1292 569 1346 manenti

68 1363 187 1430 Ingrata
198 1366 298 1415 misero
308 1367 366 1416 vita
376 1365 504 1417 ducenda
513 1368 569 1425 est,
578 1363 608 1413 in
617 1362 679 1427 hoc,

70 1431 158 1484 Novis
168 1438 200 1483 ut
210 1449 297 1499 usque
308 1440 438 1498 suppetas
448 1433 600 1483 laboribus.

72 1502 161 1568 Optat
170 1503 293 1568 quietern
303 1500 411 1567 Pelopis
422 1498 525 1550 intidus
536 1504 624 1565 pater,

72 1572 167 1638 Egens
178 1571 313 1634 benignae
324 1569 461 1618 Tantalus
475 1583 584 1634 semper
594 1569 684 1638 dapis3

76 1641 163 1705 Optat
172 1636 354 1688 Prometheus
366 1637 504 1704 obligatus
513 1637 588 1702 aliti;

53 1756 58 1765 ,
78 1710 165 1775 Optat
174 1721 302 1772 supremo
314 1706 453 1756 collocare
464 1705 599 1772 Sisyphus

78 1779 111 1830 ln
121 1781 212 1827 monte
222 1789 332 1825 saxum:
347 1775 396 1826 sed
406 1778 501 1825 vetant
510 1774 585 1842 leges
597 1779 676 1830 lovis.

80 1845 162 1896 Voles
172 1845 254 1896 modo
266 1844 330 1895 altis
341 1844 454 1896 desilire
465 1845 599 1907 turribus,

82 1914 165 1966 Modo
175 1930 240 1965 ense
250 1920 348 1979 peetus
359 1914 461 1964 Norico
471 1913 627 1975 recludere,

84 1982 249 2050 Frustraque
258 1983 349 2034 vinela
359 1984 467 2050 gutturi
478 1986 573 2034 nectes
583 1986 648 2046 tuo;

86 2051 237 2103 Fastidiosa
247 2054 337 2102 tristis
348 2054 528 2119 aegrimonia.

87 2119 216 2172 vectabor
225 2120 347 2172 humeris
356 2127 423 2172 tune
434 2135 486 2186 ego
496 2120 616 2173 inimicis
627 2136 722 2190 eques,

88 2189 215 2256 Meaeque
224 2195 302 2240 terra
313 2189 392 2240 cedet
402 2188 577 2239 insolentiae.

90 2261 140 2320 Aa,
149 2270 215 2325 quae
225 2273 334 2309 movere
345 2273 440 2308 cereas
452 2259 597 2324 imagines,

91 2328 125 2379 Ut
133 2329 186 2393 ipse
196 2328 268 2378 nosti
279 2328 418 2388 curiosus,
428 2330 456 2376 et
466 2326 529 2391 polo

92 2395 216 2461 Deripere
227 2395 322 2445 lunam
333 2396 446 2445 vocibus
456 2395 560 2460 possim
572 2397 653 2460 meis3

93 2464 190 2516 Possim
201 2469 338 2515 crematos
348 2465 471 2515 excitare
482 2468 616 2528 mortuos,

93 2532 267 2599 Desiderique
277 2537 433 2599 temperare
443 2532 588 2598 poculum3

95 2601 196 2653 Plorem
206 2602 288 2666 artis,
298 2602 327 2653 in
337 2607 366 2654 te
376 2601 417 2654 nil
426 2603 549 2669 agentis,
559 2603 681 2657 exitum!

348 2735 509 2751 m
