2084 3075
216 710 257 789 Q.
283 705 510 772 HonATn
534 673 721 773 nuncsi

82 840 119 924 S
171 844 210 924 A
259 843 299 924 T
347 841 389 924 Y
435 842 478 925 R
528 836 584 927 A'
615 844 658 928 R
705 843 745 928 U
797 845 847 929 M

285 1003 435 1057 LIBER
462 1005 653 1059 PRIMUS.
705 1013 709 1042 ἱ

89 1141 844 1169 ²*

312 1236 557 1310 sAuYRA
591 1242 626 1311 I.
701 1230 707 1240 ’

383 1361 552 1373 ——-—--

82 1415 230 1468 Invehitur
234 1419 356 1486 primum
366 1418 395 1466 in
406 1437 460 1481 eos,
476 1422 533 1495 qui,
549 1409 603 1468 sun
616 1429 690 1470 sorte
700 1438 849 1488 numquam

85 1485 224 1545 contenti,
245 1483 363 1532 aliorum
377 1484 453 1531 vitae
471 1484 630 1562 ιηεεὶέιιτιιιηο
640 1489 753 1555 proprio
767 1498 849 1538 ante-

74 1550 198 1621 ferunt:
220 1549 320 1598 deinde
331 1550 360 1597 in
371 1566 431 1609 eos,
452 1551 501 1617 qui
510 1559 609 1599 contra
619 1569 648 1600 m
658 1553 786 1604 instituto
798 1573 848 1604 suo

84 1624 251 1665 constantes
272 1614 357 1663 nullis
377 1613 518 1666 laboribus
533 1628 670 1684 parcunt,
694 1619 774 1670 nulla
793 1638 849 1672 non
907 1641 908 1644 ¹
952 1670 956 1681 Δ

85 1681 191 1732 obeunt
209 1681 352 1750 pericula,
383 1690 414 1730 ut
439 1681 545 1731 lucrum
565 1685 671 1735 domum
692 1697 849 1756 reportent,-

279 1748 385 1797 demum
395 1764 496 1798 avaros
506 1749 667 1803 insectatur.

89 1825 162 1923 Qui
172 1859 216 1921 fit,
226 1859 389 1922 Maecenas,
399 1865 432 1910 ut
442 1875 537 1923 nemo,
548 1875 631 1927 quam
641 1863 693 1911 sibi
703 1869 807 1915 sortem

88 1927 147 1979 Seu
156 1928 238 1980 Ratio
249 1928 371 1991 dederit,
382 1944 431 1980 seu
444 1929 516 1980 Fors
527 1930 673 1989 obiecerit,
683 1929 743 1980 ulla

90 1997 245 2048 Contentus
254 1999 341 2061 vivat3
356 1999 454 2050 laudet
462 1998 573 2049 diversa
583 1997 747 2064 sequentes?

90 2064 262 2118 Ofortunati
273 2068 455 2120 mercatores!
470 2069 655 2135 gravisannis
862 2109 868 2118 .
932 2116 935 2121 .

89 2135 175 2186 Miles
186 2137 239 2198 ait,
250 2136 338 2188 multo
349 2139 404 2187 ism
417 2136 524 2189 fractus
534 2138 658 2188 membra
667 2135 773 2188 labore.
858 2149 874 2202 5

92 2206 197 2256 Contra
208 2210 360 2268 mercator,
372 2209 464 2257 navim
474 2208 643 2257 iactantibus
655 2207 773 2267 Austris,

91 2274 196 2329 Militia
205 2280 248 2326 est
257 2276 358 2340 potior.
378 2275 451 2337 Quid
461 2276 506 2326 nii
522 2277 711 2326 concurritur:
727 2274 812 2328 horae

90 2345 236 2396 Memento
247 2346 302 2394 cita
311 2359 386 2394 mors
396 2348 483 2407 venit,
499 2350 549 2394 out
558 2346 674 2395 victoria
684 2344 767 2397 laets

91 2414 250 2481 Agricolam
261 2413 450 2476 limatioris,
461 2414 610 2481 legumque
621 2415 737 2479 peritus,

93 2482 151 2535 Sub
160 2483 227 2549 galli
240 2486 351 2533 contum
363 2483 506 2534 consultor
517 2485 564 2534 ubi
575 2485 649 2533 ostia
657 2483 758 2548 pulsnt.
859 2514 890 2547 Η,

91 2553 153 2615 Ille,
158 2552 231 2604 dotis
241 2552 364 2613 vadibus,
369 2553 416 2619 qui
426 2567 491 2603 rure
502 2558 644 2603 extractus
654 2554 683 2603 in
693 2552 790 2605 urbem
796 2557 848 2613 est,

93 2621 176 2674 Solos
186 2620 282 2672 felices
291 2622 414 2685 viventes
425 2622 528 2672 clamat
538 2623 566 2671 in
577 2622 654 2671 urbe.
824 2624 831 2637 ‘

95 2690 351 2756 Cetersdcgenerc
361 2688 507 2752 homodeo
517 2695 583 2740 sunt
593 2688 691 2749 multa,
700 2689 847 2755 loquacem
