2084 3075
319 178 466 254 arnan
493 184 548 235 ru.

84 276 225 329 lnclinare
237 282 379 333 meridiem
406 311 411 320 ‚
505 323 507 330 ‚
820 302 834 351 5

122 344 229 411 Sentis3
245 363 289 411 ac,
299 351 386 403 veluti
397 359 453 405 stet
463 355 585 407 volucris
596 357 665 424 dies,

81 413 182 465 Parcis
194 416 322 484 deripere
334 419 434 474 horreo

120 483 280 538 Cessantem
291 488 385 541 Bibuli
396 493 517 545 consulis
528 495 698 563 amphoram.

80 551 143 604 Nos
153 558 325 608 cantabimus
335 561 453 612 invicem

118 622 287 688 Neptunum,
298 630 439 681 etrirides
448 630 601 686 Nereidum
613 652 720 689 comas:
820 661 849 693 ιο

81 691 128 741 Tu
141 707 226 743 curva
234 697 343 748 recines
353 697 417 763 lyra
484 738 486 744 ,

117 760 270 825 Latonam,
282 770 311 815 et
321 767 420 820 celeris
430 770 539 833 spicula
550 773 697 839 Cynthiae:

82 828 198 881 Summo
209 835 344 897 carmine,
355 851 425 903 quae
438 839 553 902 Cnidon,

117 899 323 970 Fulgentesque
335 909 412 956 tenet
423 906 575 973 Cycladas,
586 915 614 962 et
623 911 736 979 Paphon

79 968 187 1019 lunctis
198 972 262 1021 visit
273 971 410 1025 oloribus:
819 991 849 1043 15

86 1090 90 1094 ,
118 1036 236 1091 Dicetur
247 1045 348 1092 merita
358 1044 419 1096 Nox
430 1052 641 1115 quoquenenia.

256 1242 395 1317 ODE
427 1247 600 1321 XXIX.

83 1361 144 1407 AD
170 1364 199 1407 ι’.
227 1367 427 1417 oILNJUM
448 1373 766 1426 MAECENAMM.

36 1513 92 1564 Ad
92 1515 232 1587 frugales
245 1516 343 1586 epulas
356 1519 385 1567 in
398 1520 529 1572 Sabinum
541 1541 620 1574 suum
628 1536 711 1576 vocat
725 1528 805 1582 Urbis
868 1558 870 1562 ·

37 1584 224 1652 Praefectum
229 1605 240 1641 ;
255 1585 396 1653 petitque,
417 1589 584 1658 utpublicac
594 1610 676 1645 cuma
687 1598 803 1663 mittat,

267 1653 381 1721 Deoque
391 1654 467 1703 sinat
469 1657 581 1735 futura..

332 1788 432 1826 METR·
450 1790 518 1829 XVI.

40 1839 210 1937 Tyrrhena
220 1880 318 1941 regum
328 1879 488 1942 progenies,
499 1881 551 1931 tibi

38 1939 103 1991 Non
116 1946 180 1993 ante
190 1959 269 1995 verso
280 1945 342 1996 lene
353 1961 459 1996 merum
471 1948 550 2010 cado,
590 2013 595 2019 ἱ

78 2010 147 2060 Cum
159 2010 241 2072 llore,
251 2014 414 2078 Maecenas,
425 2030 567 2081 rosarum,
578 2024 607 2070 et

112 2078 214 2131 Pressa
225 2084 280 2132 tuis
290 2083 407 2135 balanus
419 2087 536 2151 capillis,
610 2098 615 2101 “

39 2182 205 2234 Iamdudum
216 2184 289 2250 apud
300 2201 342 2238 me
354 2194 404 2237 est.
425 2190 509 2256 Eripe
520 2195 666 2246 temerae:
741 2237 745 2241 .
808 2206 823 2257 5

38 2251 81 2302 Ne
92 2266 203 2317 semper
214 2254 298 2305 udum
311 2256 410 2319 Tibur,
423 2263 451 2309 et
461 2261 580 2313 Aesulae

75 2320 190 2372 Declive
203 2325 518 2392 contemplerisarvum,
529 2335 557 2381 et

110 2389 244 2458 Telegoni
256 2394 320 2460 iuga
330 2395 494 2459 parricidae.

38 2492 224 2563 Fastidiosam
236 2495 333 2548 desere
345 2500 465 2564 copiam,
476 2505 504 2550 et

40 2562 144 2614 lllolem
155 2567 337 2633 propinquam
349 2569 467 2619 nubibus
478 2569 586 2619 arduis:
600 2584 607 2589 ⁵
812 2602 842 2636 10

75 2632 180 2683 Omitte
191 2636 287 2686 mirari
296 2637 395 2691 beatae

110 2699 243 2767 Fumum,
254 2709 283 2755 et
293 2720 373 2772 opes,
385 2709 587 2776 strepitumque
598 2709 710 2763 Romae.
737 2742 740 2747 ·
