2084 3075
270 143 457 204 ‘sluaa
483 154 521 205 11.
549 154 574 206 2.
768 160 834 215 200<
895 214 897 221 ᾗ

36 261 120 313 Hac
131 257 245 310 rabiosa
256 253 325 307 lurit
335 258 425 320 canis3
439 255 492 309 bac
501 256 642 309 lutulenta
651 259 710 310 ruit
718 274 775 313 sus.
830 268 863 335 75

36 333 51 383 l
66 344 169 389 nunc,
181 330 210 378 et
218 342 314 377 versus
325 330 416 377 tecum
428 327 564 379 meditare
574 343 700 380 canoros.

37 398 235 463 Scriptorum
256 395 357 446 chorus
376 398 465 446 omnis
480 403 557 447 amat
571 413 683 462 nemus,
704 405 732 452 et
747 398 825 468 sugit
894 400 905 417 '

37 539 119 590 Rite
132 535 220 587 cliens
230 534 347 598 Bacchi,
359 550 456 599 somno
465 467 626 604 guarffirsu'rtis,
637 540 666 587 et
675 539 784 603 umbra

38 611 96 660 Tu
110 622 158 657 me
169 606 243 655 inter
254 607 387 670 strepitus
398 610 563 668 nocturnos,
574 612 657 673 atque
668 607 791 671 diurnos,

38 677 101 730 Vis
115 689 232 737 canere,
244 680 273 725 et
283 679 427 725 contracta
437 678 516 743 sequi
527 678 645 743 vestigia
653 675 765 726 vatumt
827 675 861 728 80

38 746 216 814 Ingenium,
227 745 278 802 sibi
290 744 364 811 quod
374 758 475 795 vacuas
486 746 641 812 desumpsit
650 744 782 808 Athenas,

39 819 86 869 Et
100 813 205 886 studiis
216 828 302 864 annos
312 819 417 879 septem
430 815 518 877 dedit,
530 817 707 882 insenuitque

40 885 165 946 Libris,
177 888 205 934 et
216 885 302 946 curis;
319 888 413 934 statua
423 887 591 935 taciturnius
601 887 661 936 exit
804 922 808 925 -

41 956 235 1020 Plerumque,
247 958 276 1004 et
286 955 343 1003 risu
353 954 485 1019 populum
497 956 599 1021 quatit:
610 954 712 1022 hicego
722 970 817 1008 rerum

41 1023 203 1077 Fluctibus
215 1025 242 1071 in
253 1022 366 1085 mediis,
378 1028 406 1073 et
417 1025 629 1090 tempestatibus
640 1025 729 1089 Urbis,
825 1028 859 1080 85

43 1094 150 1146 Verba
160 1092 239 1157 lyrae
251 1096 363 1142 motura
373 1108 470 1143 sonum
483 1099 650 1145 connectere
661 1094 778 1161 dignari

44 1164 160 1216 Frater
169 1167 231 1212 erat
241 1161 347 1212 Romae
357 1163 475 1212 consulti
487 1162 595 1224 rhetor,
606 1168 639 1211 ut
649 1164 721 1214 alter

46 1233 181 1285 Alterius
192 1246 321 1282 sermone
332 1246 424 1282 meros
436 1233 547 1282 audiret
554 1231 689 1294 ›honores3

48 1300 203 1355 Gracchus
214 1306 245 1350 ut
255 1300 300 1352 hic
310 1300 353 1350 illi
365 1300 527 1363 foret,.huic
537 1307 569 1350 ut
578 1301 690 1351 Mucius
700 1300 757 1353 ille.
821 1322 823 1329 ⁴

48 1375 112 1435 Qui
122 1371 215 1420 minus
226 1376 340 1438 argutos
350 1376 433 1421 vexat
443 1371 524 1422 furor
534 1373 587 1422 iste
597 1369 712 1437 poetas?
826 1388 859 1438 90

48 1442 189 1493 Carmina
199 1454 346 1506 compono,
357 1439 402 1491 hic
412 1441 515 1508 elegos.
535 1440 667 1493 Mirabile
677 1443 746 1502 visu,

50 1510 259 1579 Caelatumque
270 1525 368 1561 novem
373 1509 463 1561 Musis
473 1524 544 1577 opus
555 1509 677 1576 adspice:
688 1511 816 1577 primum,

43 1582 171 1644 ,Quanto
183 1595 243 1631 cum
255 1580 343 1641 fastu,
355 1584 458 1649 quanto
469 1581 612 1632 molimine
622 1583 738 1633 circum·

51 1650 221 1718 Spectemus
231 1653 347 1702 iaculum
358 1650 491 1701 Romanis
501 1652 609 1701 vatibus
619 1651 728 1703 aedem:

50 1721 127 1773 Mox
137 1721 230 1782 etiam,
242 1721 265 1770 si
275 1718 350 1771 torte
360 1736 452 1782 vacas,
462 1735 588 1788 sequere,
600 1724 629 1771 et
638 1721 735 1788 procul
742 1720 817 1783 audi,
828 1716 860 1786 95
910 1739 913 1744 ¹

51 1782 134 1853 Quid
145 1789 230 1853 ferat,
242 1795 271 1841 et
281 1804 367 1858 quare
379 1791 431 1840 sibi
442 1795 537 1842 nectat
547 1795 664 1857 uterque
676 1805 816 1842 coronam.

53 1843 222 1922 (laedimur,
237 1864 266 1910 et
275 1859 390 1910 totidem
403 1859 492 1926 plagis
503 1862 690 1910 consumimus
700 1859 817 1921 bostem,

52 1929 156 1981 Lento.
162 1927 300 1980 Samnites
311 1928 346 1978 ad
355 1927 461 1977 lumina
471 1930 562 1993 prima
572 1928 675 1978 duello.

52 1999 181 2051 Discedo
193 1998 310 2050 Alcaeus
320 2002 423 2064 puncto
433 1997 524 2058 illius;
535 1997 584 2048 ille
595 2011 656 2047 meo
669 1995 747 2064 quisi

55 2069 142 2131 Quis,
152 2070 205 2118 nisi
217 2066 421 2120 Callimachusl·
435 2069 459 2117 si
470 2066 533 2134 plus
545 2065 696 2132 adposcere
706 2066 796 2129 visus3
831 2081 877 2116 100

54 2139 106 2191 Fit
116 2139 313 2199 Mimnermus,
324 2144 353 2190 11
364 2140 457 2204 optivo
468 2138 633 2205 cognomine
644 2135 754 2187 crescit.

55 2208 152 2259 Multa
162 2208 236 2270 fero,
247 2213 279 2257 ut
288 2208 394 2273 placem
406 2223 493 2277 genus
504 2205 642 2257 irritabile
653 2209 756 2266 vatum,

56 2279 150 2341 Quum
163 2279 266 2340 scribo,
279 2283 308 2328 et
318 2278 435 2344 supplex
445 2277 543 2346 populi
554 2274 689 2343 suffragia
698 2278 793 2339 capto:

56 2348 149 2410 idem,
160 2348 246 2398 linitis
257 2346 356 2396 studiis
362 2382 370 2408 ,
379 2354 408 2398 et
418 2353 510 2399 mente
520 2350 642 2412 recepta,

58 2417 196 2468 Obturem
206 2415 316 2483 patulas
326 2416 437 2480 impune
449 2416 604 2483 legentibus
615 2429 706 2465 aures.
830 2415 876 2465 105

57 2486 210 2548 Ridentur,
221 2484 295 2535 mala
306 2485 353 2550 qui
364 2489 533 2550 componunt
543 2484 681 2535 carmina:
691 2496 789 2534 verum

60 2555 193 2607 Gaudent
204 2554 370 2616 scribentes,
382 2559 450 2605 etse
461 2560 644 2616 venerantum
659 2557 688 2604 et
697 2552 782 2614 ultro,

61 2624 91 2676 Si
101 2624 338 2688 taceas,laudant
347 2622 483 2691 quidquid
493 2624 747 2688 scripsere,beati.·

61 2695 111 2757 nt,
122 2696 170 2760 qui
179 2694 336 2763 legitimum
347 2694 440 2760 cupiet
449 2691 549 2744 fecisse
559 2706 658 2757 poema
664 2708 672 2755 ;
