2084 3075
315 183 461 235 arsur
487 184 507 235 1.
535 184 560 235 4.
592 170 597 179 '
761 187 808 239 ιη

42 284 150 349 Fecit3
165 290 206 349 et,
216 286 375 349 incolumis,
385 286 489 348 laetor,
500 285 575 353 quod
584 285 651 337 vivit
660 288 688 337 in
700 287 786 340 Urbes

43 355 111 407 Sed
122 360 216 408 tamen
228 357 363 418 admiror,
374 372 428 423 quo
439 360 520 423 paeto
531 355 663 405 iudicium
673 356 743 407 iilud

43 424 181 490 Fugerit.
202 425 256 477 Hie
266 427 362 492 nigrae
372 424 452 476 fucus
462 424 611 491 lolliginis,
622 423 691 476 haee
701 430 744 476 est
825 440 870 476 100

43 494 166 559 Aerugo
177 509 265 544 mera:
280 494 355 561 quod
365 496 461 543 vitium
471 494 569 559 procul
580 492 676 543 abfore
686 491 798 559 chartis,

42 563 145 627 Atque
156 564 248 612 animo
260 565 349 627 prius,
360 568 392 611 ut
402 564 424 611 si
435 564 480 627 qui
492 564 655 625 promittere
667 561 701 612 de
712 577 755 613 me

42 629 172 680 Possum
185 630 303 696 aliquid,
313 645 377 680 rere
387 631 527 695 promitto.
548 630 676 680 Liberius
687 632 710 679 si

43 698 162 750 Dixero
173 700 253 766 quid,
264 701 288 748 si
299 697 372 748 forte
383 700 515 761 iocosius;
527 697 579 749 hoe
589 696 655 747 mihi
665 700 733 749 iuris

45 768 124 817 Cum
135 770 218 817 venia
228 767 315 816 dabis.
330 768 452 817 insuevit
460 768 539 831 pater
550 769 670 832 optimus
681 766 733 820 hoe
742 783 795 829 rue,
825 766 870 818 105

44 837 88 886 Ut
99 835 243 901 fugerem,
253 834 387 899 exemplis
396 836 527 885 vitiorum
539 851 664 902 quaeque
675 838 812 897 notando,

46 905 149 965 Quum
160 918 204 954 mo
214 902 387 964 hortaretur,
398 918 493 969 parce,
503 903 664 972 frugaliter,
674 913 759 973 atque

48 973 184 1024 viverem
195 973 236 1020 uti
247 977 393 1022 contentus
404 988 451 1034 eo,
462 973 537 1039 quod
548 978 586 1022 mi
596 976 654 1040 ipse
663 981 801 1040 parasset:

47 1041 153 1093 Nonne
163 1040 254 1102 vides,
263 1041 326 1092 Albi
336 1047 368 1091 ut
378 1041 450 1091 male
457 1044 535 1091 ‘vivat
544 1042 636 1093 iilius?
650 1050 735 1112 utque

47 1111 162 1161 Barrus
171 1109 268 1176 inops?-
282 1125 413 1178 pugnum
424 1110 633 1175 documentum,
647 1128 681 1165 ne
691 1116 810 1180 patriam
822 1130 869 1163 110

468 1195 529 1230 rem

47 1249 175 1301 Perdere
186 1251 248 1316 quis
258 1249 335 1300 velit.
354 1251 376 1299 A
386 1250 461 1314 turpi
471 1251 627 1299 meretricis
638 1264 732 1301 amore

49 1386 96 1438 Ne
111 1402 243 1454 sequerer
252 1385 394 1452 moechas,
413 1402 545 1438 concessa
556 1402 640 1453 quum
650 1385 759 1437 Venere
770 1388 811 1437 uti

50 1456 180 1506 Possem:
196 1455 332 1519 Deprensi
344 1470 398 1504 non
409 1455 485 1503 belia
496 1459 540 1503 est
551 1455 626 1503 fama
636 1455 767 1516 Treboni,

51 1525 159 1576 Aiebat.
180 1522 310 1588 Sapiens,
321 1524 423 1582 vitatu,
433 1521 554 1588 quidque
566 1524 656 1587 petitu
670 1580 672 1584 v
729 1572 731 1577 ,
824 1526 872 1576 115

53 1593 98 1643 Sit
108 1593 221 1653 molius,
233 1605 345 1640 caussas
357 1589 456 1640 reddet
465 1590 529 1641 tibi:
545 1596 583 1640 mi
592 1595 660 1642 satis
672 1597 727 1654 est,
739 1595 762 1642 si

53 1662 203 1712 Traditum
215 1660 249 1708 ab
260 1661 381 1725 antiquis
392 1675 495 1709 morem
507 1659 630 1723 serrare,
640 1666 780 1727 tuamque,

54 1731 129 1781 Dum
141 1728 263 1780 custodis
274 1742 352 1793 eges,
362 1729 461 1789 vitam,
474 1727 631 1796 famamque
641 1732 715 1781 tueri

54 1798 223 1850 Incolumem
234 1812 359 1863 possum:
376 1796 458 1847 simul
469 1812 501 1848 ao
511 1799 654 1849 duraverit
664 1804 742 1850 aetas

55 1868 193 1930 Membra,
214 1869 392 1933 animumque
413 1871 505 1985 tuurp3
531 1868 609 1917 nabis
624 1870 683 1918 sine
699 1869 810 1919 cortice.
823 1883 870 1918 120

490 1952 515 1986 ro
526 1951 569 1986 me

57 2005 205 2057 Formabat
215 2022 331 2071 puerum
344 2005 438 2055 dictis:
453 2010 482 2055 et
490 2007 548 2056 sive
559 2005 679 2067 iubebat,

56 2074 94 2124 Ut
104 2072 222 2125 facerem
229 2075 314 2141 vquid;
324 2073 408 2125 habes
419 2079 571 2134 auctorem,
582 2090 636 2140 quo
648 2073 735 2126 facias
745 2073 810 2137 hoe,

58 2144 146 2192 Unum
155 2157 189 2192 ex
200 2144 336 2193 iudicibus
347 2143 457 2194 selectis
468 2144 624 2208 obiiciebat.

4 2263 18 2278 ί,
59 2210 121 2261 Sive
130 2213 252 2261 vetabat:
267 2227 302 2260 an
314 2211 365 2261 hoc
375 2210 565 2274 inhonestum,
577 2219 605 2263 et
615 2214 713 2265 inutile
725 2213 802 2263 factu

46 2279 148 2331 ‚Neooe
158 2281 207 2341 sit,
219 2280 376 2340 addubites;
392 2280 491 2346 flagret
502 2297 614 2332 rumore
625 2282 698 2332 malo
709 2295 794 2346 quum
824 2281 871 2333 125

60 2349 125 2410 Hic,
134 2354 216 2415 atque
226 2347 291 2399 niet
305 2348 404 2398 Aridus
415 2351 534 2399 ricinum
546 2350 629 2399 funus
639 2354 671 2399 ut
680 2362 780 2413 aegros

60 2419 215 2479 Exanimat‚
226 2419 377 2484 mortisque
388 2424 463 2486 metu
474 2420 527 2468 sibi
537 2433 651 2483 parcere
661 2417 750 2482 cogit,

61 2485 106 2538 Sic
115 2491 222 2538 teneros
234 2488 340 2537 animos
351 2487 442 2537 aiiena
452 2488 600 2553 opprobria
611 2500 692 2550 saepe

61 2557 219 2607 absterrent
228 2557 311 2606 vitiis.
332 2558 374 2606 Ex
383 2555 435 2607 hoc
445 2571 496 2621 ego
506 2569 591 2604 sanus
602 2554 635 2603 ab
646 2553 712 2613 iilis,

61 2623 212 2679 Perniciem
227 2640 418 2693 quaecumque
434 2624 540 2675 ferunt:
564 2621 764 2683 mediocribus,
784 2624 814 2671 et
825 2622 872 2672 150

469 2696 532 2759 quis
