2084 3075
358 142 508 196 LIBER
535 145 612 199 lll„
820 144 853 197 75

348 294 596 370 oouvr.
680 266 683 274 “

235 428 316 477 ΔΙ)
360 426 711 479 RoMuNos.

110 585 301 657 Corruptelam
319 602 437 646 morum,
464 593 492 633 et
511 592 696 655 contemptum
713 585 834 636 Deorum

361 651 418 702 iilis
428 651 584 721 exprobrat.

380 785 480 825 HETR·
497 785 566 824 xvi.

126 843 403 927 Delictarnaiorum
413 874 569 925 immeritus
578 871 648 933 lues,

91 1001 96 1006 ,
126 945 260 1006 Romane,
271 944 360 995 donec
370 941 488 1009 Templa
498 940 640 1003 refeceris,

163 1013 306 1080 Aedesque
316 1013 443 1064 labentes
453 1011 590 1072 Deorum,
601 1015 630 1061 et

198 1081 293 1135 Foeda
301 1084 381 1149 nigro
392 1080 544 1134 simulacra
554 1080 640 1130 fumo.

128 1192 181 1244 Dis
193 1197 220 1244 te
230 1194 365 1245 minorem
377 1194 452 1260 quod
463 1194 546 1260 geris,
557 1193 691 1257 imperas:

128 1262 203 1313 Hinc
212 1277 292 1315 omne
303 1265 478 1329 principium,
489 1261 543 1312 huc
552 1260 628 1312 refer
637 1261 752 1312 exitum.

165 1330 203 1383 Di
212 1332 301 1382 multa
310 1331 429 1399 neglecti
442 1331 581 1382 dederunt

114 1459 116 1462 ,
198 1401 353 1466 Hesperiae
363 1400 438 1449 rnala
448 1399 603 1449 luctuosae.

125 1512 187 1565 larn
196 1511 240 1561 his
251 1508 410 1570 Monaeses,
421 1512 450 1560 et
459 1504 559 1573 Pacori
571 1501 670 1559 manus
683 1538 686 1550 ·

125 1579 190 1631 Non
202 1579 360 1643 auspicatos
371 1578 499 1628 contudit
507 1580 628 1643 impetus
670 1630 673 1637 ,

165 1646 298 1710 Nostros3
315 1651 343 1699 et
354 1647 487 1698 adiecisse
498 1647 631 1713 praedam

202 1717 361 1784 Torquibus
370 1718 477 1784 exiguis
487 1716 606 1770 renidet.

88 1851 104 1876 0
128 1822 397 1896 Paene‘occupatam
408 1829 592 1882 seditionibus

129 1897 241 1950 Delevit
251 1901 351 1952 Urbem
361 1899 466 1960 Dacus,
476 1903 506 1949 et
515 1897 660 1963 Aethiops:

165 1968 221 2020 llic
231 1969 320 2020 classe
330 1968 508 2030 formidatus,
518 1966 567 2017 ille

201 2037 355 2089 Missilibus
365 2037 465 2090 melior
474 2037 593 2103 sagittis.

131 2147 263 2200 Fecunda
273 2148 372 2215 culpae
381 2149 477 2200 secula
487 2150 599 2215 nuptias

130 2215 256 2269 Primum
266 2219 455 2286 inquinavere,
464 2223 493 2269 et
502 2233 599 2285 genus,
610 2221 639 2270 et
649 2215 758 2270 domos:

166 2287 229 2339 Hoc
240 2285 318 2339 fonte
329 2288 455 2338 derivata
465 2287 559 2341 clades

201 2356 234 2408 ln
243 2359 372 2423 patriam,
382 2358 571 2425 populumque
581 2355 671 2409 fluxit.
708 2419 716 2436 Ι
865 2381 898 2415 20

130 2467 226 2521 Motus
239 2468 333 2521 doceri
343 2471 447 2538 gaudet
456 2470 565 2522 lonicos

132 2539 247 2590 Matura
257 2540 344 2607 virgo,
354 2544 382 2590 et
392 2541 507 2606 lingitur
518 2540 626 2590 artibus

168 2607 226 2658 larn
238 2623 319 2671 nunc,
329 2611 357 2660 et
365 2611 487 2662 incestos
500 2621 610 2658 amores

203 2674 247 2729 De
259 2681 356 2731 tenero
367 2677 518 2732 meditatur
529 2675 624 2740 ungui.
