2084 3075
201 156 235 210 lo
450 142 708 200 CARMlNUM

159 263 191 315 25
202 259 263 321 ouo
273 271 323 307 nos
335 267 452 319 cumque
464 250 537 301 feret
548 248 646 316 melior
655 244 783 297 Fortuna
791 244 915 308 parente,

237 329 348 385 ibimus,
360 337 376 372 ο
387 321 464 381 socii,
476 319 655 382 comitesque.
871 346 875 353 .

202 396 250 450 Nil
264 390 466 458 desperandum
474 390 584 438 Teucro
595 385 673 444 duce,
685 386 714 433 et
723 382 836 446 auspice
846 378 962 432 Teucri:

240 465 338 515 Certus
348 462 420 513 enirn
430 457 559 523 promisit
567 452 679 518 Apollo,-

204 533 367 599 Ambiguam
378 528 480 578 tellure
490 539 562 574 novo
571 521 713 572 Salamina
724 518 855 570 futuram.

163 605 196 655 50
240 603 263 653 0
274 601 369 659 fortes,
379 597 530 662 peioraque
539 591 614 657 passi

206 672 317 724 Mecum
327 680 409 730 saepe
419 664 479 724 riri,
490 673 564 711 nunc
573 661 637 710 vino
648 659 743 725 pellite
753 672 847 718 curas3

242 741 311 791 Cras
321 739 418 802 ingens
428 731 591 783 iterabimus
603 743 716 795 aequor.

216 843 960 913 ΦΜΦΦΦΦΦΦΦΦΦΦΦΘΦΦΦΦΦΦΘΦΦΦΦΝΦΦ

440 946 735 1060 oenum

354 1086 439 1135 no
495 1075 824 1149 urorum.

504 1179 673 1193 -—

229 1250 357 1300 Iuvenem
375 1242 504 1311 Sybarin,
524 1241 631 1307 Lydiae
647 1253 739 1286 amore
750 1234 903 1303 perditum,
924 1242 953 1281 et
1037 1233 1038 1236 ’

327 1309 516 1379 voluptatibus
530 1305 754 1374 colliquefactum
764 1310 854 1349 notat.

433 1442 533 1484 nuru.
551 1437 603 1476 xv.
627 1421 749 1472 Dicolon.

127 1546 132 1553 '
212 1502 326 1602 Lydia,
337 1534 449 1600 ‹liuper-
461 1544 556 1581 omnes

248 1607 289 1655 Te
299 1603 374 1654 Deos
384 1618 442 1664 oro,
453 1600 572 1667 Sybarin
583 1611 633 1647 cur
641 1607 774 1661 properes
784 1590 903 1669 amando

213 1671 352 1724 Perderel
367 1688 416 1723 cur
428 1672 552 1737 apricum

249 1742 347 1792 Oderit
358 1755 493 1805 campum,
503 1737 611 1802 patiens
621 1731 751 1799 pulveris,
761 1733 845 1796 atque
855 1725 947 1780 Solis!

189 1811 204 1864 5
214 1812 270 1861 Cur
281 1825 370 1876 neque
382 1808 511 1859 urilitaris

248 1880 325 1930 inter
337 1877 468 1943 aequales
479 1874 595 1938 equitet,
606 1869 716 1920 Gallica
726 1883 778 1920 nec
788 1867 892 1934 lupatis

215 1951 365 2013 Temperet
376 1960 426 1996 ora
436 1939 540 1992 frenisl

252 2017 307 2066 Cur
318 2016 397 2064 timet
408 2011 509 2060 flavum
521 2009 645 2059 Tiberim
656 2005 790 2075 tangeret
810 2019 859 2057 cur
869 2003 974 2055 olivum

216 2085 355 2151 Sanguine
365 2080 489 2144 viperino

178 2181 208 2213 10
253 2153 367 2203 Cautius
376 2146 462 2196 vitati
477 2163 566 2214 neque
576 2149 632 2199 iam
642 2147 729 2198 livida
739 2147 831 2212 gestat
840 2144 926 2194 armis

217 2220 346 2280 Brachia,
356 2231 438 2282 saepe
448 2216 534 2280 disco,

254 2289 342 2353 Saepe
352 2292 430 2337 trans
441 2288 524 2338 linem
534 2287 627 2338 iaculo
639 2285 739 2336 nobilis
749 2279 898 2349 expedito?

219 2357 293 2420 Quid
304 2357 381 2419 latet,
392 2361 423 2406 ut
432 2356 556 2407 marinae

254 2426 356 2478 Filium
367 2426 462 2477 dicunt
472 2425 599 2477 Thetidis
608 2424 659 2476 sub
669 2423 829 2489 lacrymosa
838 2421 943 2472 Troiae

180 2500 210 2550 15
218 2496 342 2560 Funera3
358 2511 393 2546 ne
403 2496 492 2546 virilis

255 2566 353 2618 Cultus
362 2567 391 2617 in
398 2565 519 2629 caedem,
531 2568 559 2616 et
564 2564 667 2630 Lycias
673 2564 830 2631 proriperet
835 2558 979 2612 catervas?
