2084 3075
293 165 444 219 LIBER
470 168 491 219 1.
739 166 772 218 le

147 287 150 293 ’
248 306 612 422 cruorum.

161 430 246 479 AD
302 430 624 482 ΔΜΙΜΜ·

7 582 190 636 Palinodiam
209 584 295 633 canit.
327 585 400 633 Nam
420 585 529 633 veniam
544 582 619 651 petit
634 598 653 630 a
662 579 770 649 puellm·

8 668 95 722 quam
115 649 214 699 iambis
232 650 371 709 laeserat‚·
403 650 564 719 culpamque
584 648 721 717 transfert
741 649 771 698 in

113 720 196 780 iram,
207 718 285 767 cuius
295 718 351 766 vim
361 718 522 766 indomitam
532 713 670 766 describit.

299 850 399 888 METR.
418 851 486 887 XVI.

67 900 108 988 0
120 943 208 989 matre
217 935 335 1004 pulchra
345 937 403 988 iilia
412 936 566 1005 pulchrior,

65 1009 158 1071 Quem
169 1008 323 1058 criminosis
335 1024 452 1074 cumque
464 1008 540 1059 voles
551 1007 663 1060 modum

102 1076 194 1128 Penes
203 1078 315 1140 iambis3
331 1079 388 1128 sive
400 1076 521 1139 flamma,

139 1144 201 1198 Sive
211 1148 281 1196 erari
292 1146 360 1198 libet
370 1147 525 1198 Hadriano.

62 1249 131 1305 Non
141 1247 326 1317 Dindymene,
337 1267 392 1302 non
404 1251 497 1316 adytis
508 1251 600 1317 quatit
784 1245 799 1296 5

62 1320 191 1375 Mentem
203 1321 378 1371 sacerdotum
389 1320 482 1371 incola
492 1319 621 1386 Pythius,

100 1388 163 1440 Non
174 1387 258 1439 Liber
270 1405 367 1454 aeque,
377 1406 432 1440 non
444 1394 526 1439 acuta

138 1455 167 1508 Si
178 1458 321 1524 geminant
330 1459 504 1520 Corybantes
515 1471 591 1517 aera,
674 1523 676 1526 v

63 1562 178 1614 Tristes
188 1563 221 1609 ut
231 1562 304 1622 irae;
320 1573 389 1624 quas
400 1572 490 1624 neque
501 1556 620 1608 Noricus
715 1566 723 1571 ·

63 1631 205 1682 Deterret
216 1628 298 1689 ensis,
309 1642 361 1677 nec
371 1642 447 1677 mare
458 1625 635 1693 naufragum,
787 1642 817 1677 ιο

102 1700 272 1755 Νεοεαθνυε
283 1698 363 1763 ignis,
376 1712 426 1747 nec
438 1696 582 1747 tremendo

138 1768 245 1833 Iupiter
255 1768 314 1832 ipse
325 1781 410 1817 ruens
421 1766 552 1817 tumultu.

66 1871 173 1923 Fertur
183 1870 366 1943 Prometheus
378 1871 481 1922 addere
491 1872 611 1935 principi
663 1899 665 1903 -

66 1941 153 1992 Limo
164 1946 276 1991 coactus
286 1940 453 2007 particulam
464 1939 588 2006 undique

105 2010 264 2071 Desectam,
274 2015 303 2060 et
312 2011 403 2060 insani
413 2009 502 2060 leonis
773 2008 819 2061 '15

159 2076 222 2129 Vim
233 2078 374 2130 stomacho
384 2081 546 2145 apposuisse
556 2083 661 2131 nostro.

67 2183 134 2235 Irae
145 2179 287 2247 Thyesten
299 2184 385 2232 exitio
396 2186 472 2248 gravi

69 2249 216 2314 Stravere3
233 2256 262 2302 et
273 2250 339 2301 altis
348 2253 462 2302 urbibus
473 2252 589 2304 ultimae

109 2317 219 2372 Stetere
231 2335 354 2382 caussae,
367 2336 415 2370 cur
425 2323 550 2385 perirent

144 2388 290 2452 Funditus,
301 2390 528 2457 imprimeretque
538 2392 625 2441 muris
786 2405 820 2438 20

70 2490 187 2544 Hostile
197 2488 320 2545 aratrum
333 2496 472 2545 exercitus
482 2494 614 2545 insolens.

71 2562 223 2628 Compesce
234 2567 362 2614 mentem.
386 2564 433 2615 Me
444 2579 554 2632 quoque
564 2563 686 2630 pectoris

107 2632 241 2683 Tentavit
250 2634 279 2682 io
291 2632 365 2684 dulci
376 2635 489 2685 iuventa

144 2701 259 2764 Fertor,
270 2707 299 2754 et
307 2703 337 2752 in
348 2702 453 2755 celeres
462 2704 570 2821 iambsss
581 2770 600 2818 2
