2084 3075
324 125 513 180 LIBER.
747 124 797 180 135

55 236 178 289 Horret
187 229 350 298 capillis‚ut
360 229 621 295 marinus‚asperis,

97 302 240 364 Echinus,
251 306 299 351 aut
309 315 424 350 currens
434 314 509 365 aper.

58 374 176 425 Abanta
187 371 265 424 nulla
275 368 345 421 Veia
356 370 536 431 conscientia,

99 442 258 509 Ligonibus
271 439 347 489 duris
357 437 470 490 humum

59 510 271 571 Exhauriebat‚
281 511 425 575 ingemens
434 507 586 568 laboribus,

100 580 168 640 Quo
179 584 273 645 posset
284 579 405 628 infossus
416 593 485 643 puer

61 649 168 717 Longo
179 648 224 699 die
235 648 290 709 bis,
301 653 399 714 terque
411 651 536 698 mutatae
547 645 625 713 dapis

100 718 225 769 inemori
235 717 408 784 speetaeu103

65 788 163 850 Quum
173 789 343 853 promineret
353 801 414 847 ore,
425 790 562 852 quantum
572 787 684 836 exstant
693 798 765 851 aqua
806 793 839 845 35

102 855 245 922 Suspenso
254 860 347 906 mento
359 869 488 920 corpora:

64 926 196 977 Exsucca
207 927 247 975 uti
258 923 393 986 medulla,
405 930 434 975 et
444 923 554 974 aridum
564 925 649 988 iecur,

103 996 214 1044 Amoris
224 1000 298 1046 esset
307 994 448 1060 poculum,

65 1065 250 1116 Interminato
263 1079 346 1130 quum
358 1062 446 1115 semel
455 1063 527 1115 fixae
538 1064 600 1116 cibo

102 1133 431 1199 lntabuissentpupulae.

67 1201 132 1254 Non
144 1201 265 1255 defuisse
277 1203 419 1256 nraseulae
429 1202 553 1254 libidinis

103 1273 304 1324 Ariminensem
315 1272 432 1336 Foliam,

67 1342 106 1392 Et
116 1341 207 1392 otioso
217 1342 336 1396 eredidit
344 1342 483 1409 Neapolis,

104 1409 141 1462 Et
150 1425 230 1461 omne
240 1412 361 1460 vicinum
373 1412 517 1475 oppidum;

69 1480 148 1543 Quae
158 1480 264 1539 sidera,
276 1484 424 1528 excantata
433 1492 499 1527 voce
510 1478 657 1544 Thessala,
807 1488 841 1541 45

105 1550 270 1613 Lunamque
282 1547 367 1596 Caelo
378 1546 487 1612 deripit.

69 1620 138 1679 llic,
148 1620 314 1668 inresectum
325 1629 408 1665 saera
418 1615 500 1669 dente
511 1616 596 1668 livido

106 1685 225 1738 Canidia
235 1683 337 1735 rodens
348 1683 486 1749 pollicem,

71 1756 145 1820 Quid
155 1752 244 1805 dixit?
257 1759 307 1804 aut
316 1751 384 1819 quid
395 1750 497 1805 tacuit!
514 1753 551 1816 0,
562 1754 644 1806 rebus
655 1757 724 1807 meis

106 1823 449 1884 Noninlidelesarbitrae,
809 1835 841 1887 50

71 1896 146 1957 Nox,
156 1901 184 1946 et
193 1894 299 1956 Diana,
309 1906 381 1959 quae
392 1891 535 1943 silentium
546 1893 629 1958 regis,

107 1967 214 2015 Arcana
225 1979 310 2032 quum
321 1963 392 2013 liunt
401 1960 494 2015 saera!

73 2033 164 2097 Nunc,
175 2049 248 2084 nune
258 2034 366 2095 adeste3
382 2034 494 2085 nuncin
505 2028 622 2082 hostiles
632 2029 728 2082 domos

108 2104 192 2165 lram,
203 2109 286 2169 atque
296 2117 399 2165 numen
409 2104 518 2154 vertite.

75 2172 282 2225 Formidolosae
293 2172 358 2223 dum
369 2172 458 2225 latent
466 2171 543 2224 silvis
554 2168 641 2234 ferae,
808 2183 840 2234 55

64 2295 66 2297 .
109 2241 191 2293 Dulei
200 2257 300 2308 sopore
309 2240 467 2307 languidae,

77 2310 186 2373 Senem,
198 2311 272 2377 quod
284 2325 379 2361 omnes
390 2310 513 2372 rideant,
525 2308 683 2362 adulterum

110 2381 228 2431 Latrent
238 2377 400 2431 Suburanae
411 2393 503 2440 canes

77 2450 169 2502 Nardo
179 2453 358 2516 perunctum,
369 2450 452 2515 quale
463 2462 519 2499 non
529 2445 680 2513 perfectius

111 2519 191 2571 Meae
201 2518 357 2568 laborarint
366 2532 473 2568 manus·
699 2523 708 2529 ”
809 2518 842 2567 60

80 2589 150 2652 Quid
159 2584 276 2641 acciditl
291 2601 341 2637 eur
351 2586 412 2635 dira
421 2586 557 2637 barbarae
567 2583 658 2633 minus

113 2656 222 2710 Venena
231 2655 349 2708 Medeae
357 2653 461 2717 valent,
