2084 3075
228 175 281 228 174
459 168 745 223 SATYRARUM

225 276 363 329 Sarmenti
374 287 488 327 scurrae
496 288 633 341 pugnam,
643 273 787 340 Messique
798 274 918 338 Cicirri,

224 348 314 408 Musa,
325 344 405 397 velim
417 358 568 406 memoros3
580 349 608 394 et
618 357 673 409 quo
682 348 763 407 putre
772 349 857 394 natus
869 351 994 412 uterque

225 413 381 467 Contulerit
393 414 464 464 lites.
486 414 573 463 Messi
584 412 690 464 clarum
700 427 788 479 genus
799 413 884 475 Osci3

181 484 214 537 55
224 483 362 535 Sarmenti
374 484 485 534 domina
494 486 598 533 exstat:
615 482 649 531 ab
661 480 703 530 bis
712 482 867 532 maioribus
881 486 939 533 orti

223 554 264 605 nd
274 568 393 624 pugnam
403 568 512 603 venere.
533 550 614 601 Prior
624 549 800 603 Sarmentus:
817 553 887 620 equi
900 558 930 603 te

222 624 291 675 Esse
303 621 354 673 leri
365 623 495 683 similem,
506 621 577 671 dico.
597 620 741 670 Ridemus:
758 621 858 686 etipse

208 753 210 756 Ι
223 694 356 743 Messius:
371 693 491 755 accipi03
507 694 629 755 caputet
639 694 738 739 movet.
760 688 797 750 Ο,
809 694 861 738 tua
874 706 965 741 cornu

222 761 257 812 Ni
269 761 342 811 foret
352 766 463 810 exsecto
474 760 565 820 frons,
582 759 684 824 iuquit,
695 756 760 824 quitl
771 756 894 821 faceres,
906 776 990 827 quum
1039 757 1040 762 ’

181 827 214 878 60
224 830 268 880 Sic
278 829 392 878 mutilus
402 826 559 878 minitarisl
573 830 608 878 nt
618 826 659 876 illi
672 826 756 878 foeda
766 828 890 880 cicatrix

223 898 349 949 Setosam
361 896 431 948 laevi
443 898 564 950 frontem
574 898 737 961 turpaverat
746 898 812 946 oris.

223 968 390 1031 Campanum
398 969 426 1016 in
433 964 708 1027 mor·bum‚intaciem
714 965 987 1031 permultaiocatus5

222 1035 366 1086 Pastorem
377 1036 495 1086 saltaret
505 1038 547 1085 uti
560 1035 694 1100 Cyclopa,
706 1036 839 1100 rogabat:

183 1142 198 1151 κ
221 1103 266 1154 Nil
278 1104 319 1153 illi
330 1104 420 1164 larva,
432 1109 480 1152 aut
489 1106 605 1169 tragicis
617 1118 686 1169 opus
697 1118 758 1154 esse
768 1101 928 1157 cothurnis.

180 1179 212 1230 65
222 1173 315 1224 Multa
326 1173 448 1223 Cicirrus
464 1170 593 1222 adhaec:
609 1172 741 1222 donasset
750 1174 844 1224 iamne
856 1180 987 1226 catenam

220 1245 264 1296 Ex
273 1247 338 1293 voto
349 1242 481 1303 Laribus,
492 1242 657 1307 quaerebat:
671 1242 762 1292 scriba
772 1242 850 1308 quod
861 1250 949 1308 essct,

222 1313 353 1365 Detcrius
364 1311 449 1362 nihilo
461 1310 589 1360 dominae
600 1312 643 1359 ius
655 1325 723 1374 csse.
744 1309 873 1376 Rogabat

222 1382 360 1449 Denique,
372 1397 422 1433 cur
432 1394 562 1446 umquam
575 1377 706 1444 fugissem
723 1380 767 1429 cui
778 1381 849 1430 satis
860 1396 921 1432 una

221 1451 317 1502 Farris
327 1451 400 1503 libra
410 1450 496 1512 foret,
506 1446 605 1516 gracili
617 1450 669 1510 sic,
679 1453 792 1514 tamque
803 1449 929 1514 pusillo?

179 1543 212 1593 70
221 1521 339 1573 Prorsus
349 1521 469 1573 iucunde
480 1534 577 1571 cenam
587 1518 769 1583 produximus
778 1517 867 1571 illam.

221 1590 373 1640 Tendimus
394 1590 458 1639 hinc
476 1595 555 1640 recta
569 1587 773 1706 Benppentum3
797 1588 846 1639 ubi
866 1591 982 1642 sedulus

654 1671 684 1706 os
721 1673 734 1707 s

219 1724 311 1774 Paene
323 1726 405 1786 arsit,
416 1741 525 1776 macros
536 1726 600 1777 dum
612 1672 814 1777 turclffversat
824 1729 854 1777 in
866 1730 937 1795 igni:

219 1792 289 1844 Nam
298 1807 369 1859 vaga
379 1807 428 1858 per
436 1800 560 1845 veterem
572 1795 680 1859 dilapso
690 1794 803 1845 flamma
813 1797 937 1848 culinam

218 1861 357 1925 Vulcano,
369 1877 504 1914 summum
517 1864 685 1929 properabat
695 1863 818 1915 lambere
828 1871 945 1917 tectum.

177 1932 209 1998 75
220 1932 354 1983 Convivas
365 1935 460 1984 avidos
472 1948 583 1995 cenam,
595 1947 744 1999 servosque
755 1934 888 1986 timentes

219 2003 243 2052 T
245 2016 404 2067 umrapere‚
415 2009 498 2069 atque
503 2003 779 2068 omnesrestinguere
784 2003 858 2055 velle
863 2005 980 2058 rideres.

218 2072 319 2139 Incipit
330 2072 424 2123 exilio
435 2076 545 2121 montes
554 2071 674 2136 Appulia
684 2071 766 2122 notos

219 2142 367 2194 Ostentare
379 2139 458 2201 mihi,
468 2153 538 2207 quos
549 2146 640 2190 torret
649 2140 797 2202 Atabulus,
808 2148 836 2193 et
847 2158 920 2210 quos

218 2211 374 2279 Numquam
385 2222 558 2275 crememus,
568 2209 621 2258 nisi
632 2224 683 2260 nos
693 2211 783 2261 vicina
793 2211 901 2273 Trivici

176 2276 209 2328 80
218 2280 291 2331 Villa
301 2281 464 2345 recepisset,
474 2278 633 2344 lacrymoso
644 2294 698 2329 non
710 2281 769 2331 sine
781 2278 868 2343 fumo,

108 2338 112 2351 ⁸
172 2361 176 2367 “
218 2349 293 2400 Udcs
304 2365 367 2400 cum
378 2348 453 2400 foliis
463 2363 558 2400 ramos
569 2357 668 2399 urente
679 2351 796 2400 camino.

218 2419 274 2468 llic
285 2432 336 2483 ego
348 2419 509 2469 mendacem
521 2418 703 2467 stultissimus
712 2433 800 2485 usque
811 2420 938 2484 puellam

218 2484 259 2533 Ad
269 2485 647 2548 mediamnoctemexspccto.
660 2483 882 2539 Somnustamen
888 2491 982 2543 aufert

218 2552 359 2601 intentum
369 2552 484 2603 Veneri:
502 2559 562 2601 tum
573 2554 714 2602 immundo
725 2558 834 2605 somnia
843 2559 907 2609 visu

176 2611 981 2692 85Nocturnamrestemnraculant,ventremquesupinum.

219 2686 359 2745 Quattuor
369 2685 433 2735 hinc
443 2687 567 2750 rapimur
577 2688 675 2752 viginti
685 2694 713 2739 ct
723 2689 812 2744 millia
822 2692 932 2759 rhedis,
