2084 3075
342 179 492 236 LIBER
518 179 568 233 lv,
786 180 834 234 121

328 336 468 408 ODE
502 334 581 406 XI.

190 469 761 547 Αυιηῇῐγιιιιμειιι.Ι

108 640 167 691 Die
176 637 271 689 natali
279 639 453 689 Maecenatis
463 639 567 689 invitat
577 653 638 690 eam
648 635 686 687 ad
696 634 802 706 epulae.

352 772 453 809 METR·
471 770 558 809 xvn.

143 827 212 910 Est
222 856 289 911 mihi
300 874 403 911 nonum
415 861 572 925 superantis
584 874 687 910 annum

143 929 247 981 Plenus
258 929 356 980 Albani
367 930 465 981 cadus:
481 934 525 996 eet
534 931 563 979 in
574 927 664 991 horto,

142 998 247 1065 Phylli,
257 998 400 1050 nectendis
412 1000 505 1064 apium
516 1000 638 1049 coronis:
663 1056 666 1063 Ι

184 1121 191 1133 ,
214 1068 264 1119 Est
274 1066 394 1121 hederae
404 1070 446 1118 vis

143 1187 249 1251 Multa,
260 1204 314 1257 qua
324 1192 416 1242 crines
425 1187 546 1255 religate
556 1186 655 1254 fulges.

144 1256 227 1308 Ridet
236 1265 351 1325 argento
362 1260 471 1310 domus:
487 1272 550 1319 ara,
562 1258 647 1307 castis

145 1324 245 1376 Vincta
254 1328 394 1391 verbenis,
405 1330 468 1378 avet
478 1325 623 1378 immolato

214 1394 345 1462 spargier
356 1411 438 1462 agno.

144 1514 251 1565 Cuncta
261 1511 378 1564 festinat
387 1527 498 1575 menue3
515 1511 584 1574 hue,
594 1516 623 1564 et
631 1511 715 1564 illue.

146 1585 291 1634 Cureitant
300 1584 405 1631 mixtae
416 1583 508 1648 pueris
519 1582 642 1647 puellae:

145 1650 296 1709 Sordidum
307 1649 437 1702 flammae
446 1651 589 1717 trepident
599 1656 726 1706 rotantes

215 1718 329 1771 Vertiee
339 1718 454 1770 fumum.

142 1844 178 1895 Ut
188 1847 282 1894 tamen
293 1843 382 1904 noris,
392 1840 492 1908 'quibus
503 1842 647 1896 advoceris

143 1913 273 1975 Gaudiis;
289 1911 355 1961 ldus
366 1912 415 1961 tibi
427 1916 492 1961 sunt
503 1912 637 1978 agendae,

145 1982 198 2044 Qui
210 1981 268 2032 dies
279 1995 402 2032 mensem
412 1979 529 2031 Veneris
540 1983 664 2035 marinae

209 2049 451 2116 FinditAprilem3

143 2172 206 2224 lure
217 2172 361 2223 sollemnis
371 2171 451 2233 mihi,
461 2175 640 2242 sanctiorque

144 2239 235 2293 Peene
245 2241 333 2291 natali
343 2244 469 2308 proprio,
480 2243 556 2308 quod
567 2258 602 2294 ex
612 2243 663 2297 hee

143 2310 220 2362 Luce
230 2310 377 2361 Maecenas
388 2327 466 2361 meus
477 2310 623 2363 affluentes

213 2379 332 2431 Ordinat
342 2393 437 2430 annos.

145 2498 311 2566 Telephum,
323 2515 405 2568 quem
415 2503 445 2550 tu
456 2502 542 2566 petie,
553 2506 707 2569 occupavit,

145 2568 206 2620 Non
215 2575 281 2620 tuae
291 2572 376 2621 sertis
386 2572 521 2632 iuvenem,
532 2570 626 2636 puelle

146 2637 243 2702 Dives,
254 2645 284 2690 et
294 2639 409 2703 laseiva3
424 2644 558 2707 tenetque
568 2645 649 2707 grate
704 2655 715 2668 ·

218 2710 356 2779 compede
367 2711 498 2762 vinetum.
