2084 3075
317 193 466 246 LIBER
492 195 513 245 l.

81 296 181 348 Reddas
189 297 356 360 incolumen,
365 313 479 364 precor3

115 366 145 416 Ut
153 382 244 418 serves
256 368 363 417 animae
375 368 519 418 dimidium
530 382 616 419 meac.

81 435 121 487 llli
130 436 219 497 robur,
230 441 258 486 ct
269 450 315 486 aes
324 436 428 501 triplex

113 503 187 554 Circa
196 510 291 569 pectus
303 510 372 566 crat,
382 507 430 571 qui
442 504 570 572 fragilem
580 508 653 558 truci
802 528 833 561 ιο

82 573 217 623 Commisit
227 573 325 639 pelago
336 579 425 623 ratcm

111 640 225 703 Primus,
234 658 286 692 nec
296 643 390 690 timuit
398 644 578 709 praecipitem
588 644 710 696 Africum

79 709 269 764 Deccrtaatcm
280 710 470 775 Aquilonibus,

71 771 75 791 '
111 777 164 829 Nec
173 781 268 830 tristes
279 780 404 843 Hyadas,
414 795 466 830 nec
475 780 580 832 rabiem
590 781 667 846 Noti3

79 847 137 908 Quo
145 862 198 898 non
209 848 313 898 arbiter
323 848 449 900 Hadriae

111 916 208 979 Maior,
219 918 327 980 tollcrc,
337 932 387 967 scu
397 933 499 983 ponere
508 921 569 970 vult
579 920 659 973 freta.

78 984 162 1045 Quem
172 988 269 1036 mortis
280 987 374 1036 timuit
382 988 508 1053 gradum,
549 1021 552 1027 ·

111 1053 163 1114 Qui
173 1056 253 1105 siccis
263 1056 351 1106 oculis
360 1062 485 1112 monstra
495 1062 630 1121 natantia,

78 1122 129 1183 Qui
138 1122 206 1172 vidit
215 1140 291 1175 mare
302 1126 452 1193 turgidum,
462 1131 491 1177 et

110 1191 227 1243 infames
237 1195 366 1258 scopulos
374 1195 597 1247 Acroceraunial

76 1260 265 1327 Nequidquam
276 1262 353 1314 Deus
365 1264 482 1314 abscidit

109 1329 234 1380 Prudens
245 1331 354 1383 Oceano
366 1331 556 1384 dissociabilcs

75 1399 187 1460 Terras,
197 1400 219 1447 si
230 1404 322 1449 tamen
333 1402 433 1464 impiae

108 1466 170 1517 Non
179 1467 320 1532 tangenda
329 1471 404 1517 rates
414 1468 578 1517 transiliunt
586 1470 665 1519 vada.

73 1536 171 1588 Audax
180 1536 391 1601 omnia‘pcrpeti

107 1605 184 1656 Gens
193 1603 315 1654 humana
324 1605 381 1653 ruit
391 1619 441 1668 per
449 1606 565 1654 vetitum
576 1604 662 1655 nefas.

72 1675 170 1726 Audax
178 1674 267 1738 Iapeti
277 1688 364 1739 genus
588 1729 590 1733 v

105 1745 203 1810 lgncm
213 1740 312 1793 fraude
323 1743 398 1793 mala
407 1743 535 1811 gentibus
546 1743 653 1795 intulit:

70 1811 139 1863 Post
151 1813 243 1877 ignem
256 1812 380 1862 aetheria
391 1813 475 1864 domu

107 1880 288 1942 Subduotum,
300 1885 409 1944 macies,
422 1887 450 1932 et
460 1898 531 1933 nova
542 1882 660 1933 febrium

70 1951 169 2001 Terris
180 1950 304 2000 incubuit
315 1950 428 2012 cohors;

106 2017 268 2084 Semetique
278 2021 353 2084 prius
364 2019 446 2069 tarda
456 2019 607 2070 necessitas

67 2089 135 2141 Leti
147 2089 281 2152 corripuit
290 2090 416 2155 gradum.

105 2157 246 2222 Expertus
256 2173 373 2208 vacuum
383 2157 526 2208 Daedalus
537 2159 603 2208 atra

67 2226 176 2277 Pennis
185 2239 241 2274 non
250 2224 353 2276 homini
366 2226 451 2276 datis:

104 2293 239 2359 Perrupit
250 2294 405 2346 Acheronta
414 2294 572 2346 Herculeus
583 2294 671 2346 labor.

67 2364 117 2416 Nil
128 2365 296 2416 mortalibus
308 2366 426 2415 arduum
436 2368 487 2414 cst.

105 2433 223 2484 Caelum
234 2435 322 2502 ipsum
334 2435 453 2499 petimus
463 2432 596 2497 stultitia3
612 2449 701 2501 neque

66 2502 124 2555 Per
135 2507 263 2553 nostrum
273 2504 395 2569 patimur
405 2503 496 2553 scelus
511 2523 516 2531 ·

101 2571 245 2626 Iracunda
253 2573 345 2631 lorom
355 2586 458 2638 ponera
469 2570 593 2622 fulmina.
