2084 3075
308 157 457 214 LIBER
484 157 540 212 111.
768 157 803 210 6⁷

111 265 244 333 Vulgarit
254 263 382 326 arcanae,
391 264 444 315 sub
454 263 544 314 isdem

149 334 193 387 Sit
202 335 335 397 trabibus,
346 333 509 401 fragilemve
519 345 630 383 mecum

74 440 176 492 Scluat
184 436 337 503 phaselum.
358 436 446 505 Saepe
456 438 599 504 DIespiter

73 509 228 575 Neglectus
240 508 345 559 incestu
357 505 466 557 addidit
476 510 629 573 intcgrnm:
813 505 846 555 30

111 579 187 628 Raro
198 576 411 627 antecedentem
422 574 573 626 scelestum

148 646 283 700 Deseruit
294 645 363 711 pede
373 643 470 695 Poena
481 644 591 695 claudo.

270 926 436 1001 ODE.
481 927 583 1002 ΙΙΙ.

115 1062 174 1109 nn
201 1061 451 1112 cansnnaru
473 1041 741 1110 nncnsrn'n.

41 1226 213 1281 Constantia
226 1202 304 1277 viani
316 1228 407 1295 aperit
422 1228 461 1277 ad
475 1238 564 1277 astra.
584 1232 729 1279 Romanae
746 1244 807 1277 ma-

67 1294 218 1367 gnitudini
226 1294 394 1364 Iunosavei,
410 1296 508 1344 Troiae
519 1293 657 1344 cineribus
668 1295 773 1364 iniqua.

334 1432 433 1471 ΜΕΝ.
452 1434 519 1472 XVI.

74 1492 206 1585 Iustum,
217 1535 251 1572 ac
262 1519 538 1585 tenacen'propositi
548 1521 637 1572 virum

75 1594 144 1648 Non
156 1594 258 1643 civium
270 1588 356 1638 ardor
365 1603 451 1654 prava
461 1589 624 1652 iubentium,

112 1661 179 1714 Nun
189 1658 285 1710 vultus
294 1658 425 1709 instantis
435 1661 549 1724 tyranni

148 1730 246 1784 Mente
257 1729 350 1796 quatit
359 1727 457 1791 solida,
467 1744 557 1796 neque
566 1731 675 1793 Auster,

77 1845 146 1897 Dux
157 1844 274 1914 inquieti
285 1842 415 1894 turbidus
429 1842 566 1906 Hadriae,
816 1852 832 1904 5

78 1913 138 1966 Nec
149 1913 322 1965 fulminantis
334 1926 435 1978 magna
445 1927 544 1961 manus
554 1913 640 1963 lovis:

117 1981 147 2033 Si
159 1983 264 2035 fractus
274 1981 411 2033 illabatur
422 1982 508 2043 orbis,

150 2052 323 2137 Inpavidum
334 2051 438 2102 ferient
448 2052 557 2104 ruinae.

81 2164 146 2215 Hac
159 2166 221 2217 arte'
229 2164 339 2228 Pollux,
350 2169 379 2217 et
388 2178 475 2233 vagus
486 2158 623 2218 Hercules

81 2234 193 2297 Enisus,
204 2250 283 2301 arces
294 2237 389 2303 attigit
398 2235 507 2302 igneas:

117 2303 194 2365 Quos
204 2304 277 2356 inter
286 2306 428 2372 Augustus
439 2307 604 2357 recumbens

152 2372 297 2441 Purpureo
307 2373 386 2427 bibet
396 2387 444 2426 ore
455 2378 561 2425 nectar.
625 2389 627 2392 ·

82 2483 145 2536 Hac
155 2488 184 2536 te
195 2489 356 2548 merentem,
367 2483 478 2536 Bacche
488 2488 577 2550 puter,
588 2489 653 2538 tuae
716 2500 720 2507 ’

81 2552 190 2606 Venere
202 2550 297 2622 tig'res,
308 2553 424 2607 indocili
435 2557 531 2620 iugum

115 2623 198 2674 Collo
209 2620 361 2676 trahentes.
382 2624 444 2675 Hae
455 2624 589 2683 Quirinus

152 2693 254 2744 Martis
265 2695 343 2761 equis
354 2690 512 2743 Acheronta
522 2691 627 2807 fug'it3²
