2084 3075
249 170 268 223 2
503 165 761 219 CARMINUM

210 269 241 321 15
286 272 451 323 Luctantem
462 270 559 322 Icariis
569 269 699 322 fluctibus
709 269 832 322 Africum

286 341 430 393 Mercator
439 344 576 401 metuens,
585 341 673 390 otium
684 345 713 390 et
722 340 816 405 oppidi

286 409 398 462 Laudat
407 425 476 459 rura
486 410 541 465 sui:
557 410 722 461 moxrelioit
732 415 808 459 rates

287 479 419 540 Quassus,
430 477 558 528 indocilis
570 479 729 542 pauperiem
739 480 807 542 pati.

286 549 346 610 Est,
357 549 405 613 qui
415 563 466 598 neo
476 548 578 597 veteris
589 545 690 611 poeula
699 545 821 609 Massici,

210 636 243 669 20
286 616 345 668 Nec
354 622 461 682 partem
473 615 562 666 solido
574 615 684 679 demere
695 614 729 665 de
740 615 785 666 die

289 684 414 750 Spernit3
430 700 503 735 nuno
513 684 595 734 viridi
608 682 731 734 membra
742 685 792 734 sub
803 685 902 736 arbuto

288 753 408 816 Stratus,
419 771 492 804 nuno
503 754 538 805 ad
550 768 639 819 aquae
650 753 712 803 lene
724 759 806 817 caput
816 768 920 805 sacrae.

288 822 394 875 Multos
404 829 497 873 castra
507 824 610 884 iuvant,
620 828 648 872 et
660 823 728 872 lituo
738 823 822 873 tubae

288 891 447 943 Permixtus
458 893 574 952 sonitus,
584 891 713 957 bellaque
725 893 859 941 matribus

210 963 244 1015 25
288 960 445 1012 Detestata.
469 962 567 1010 Manet
577 961 628 1009 sub
639 961 701 1009 love
713 960 815 1025 frigido

288 1028 420 1091 Venator,
432 1035 545 1080 tenerae
558 1030 682 1093 coniugis
692 1029 846 1091 immemor3
854 1030 868 1036 “

290 1097 347 1150 Seu
357 1101 417 1148 visa
427 1103 470 1148 est
480 1098 581 1148 catulis
591 1112 673 1146 cerva
682 1095 820 1159 fidelibus,

290 1166 345 1218 Seu
355 1169 431 1232 rupit
439 1170 543 1216 teretes
553 1165 664 1213 Marsus
675 1178 741 1228 aper
750 1165 855 1232 plagas.

290 1238 332 1286 Te
343 1236 487 1286 doctarum
497 1232 617 1283 hederae
628 1233 751 1297 praemia
762 1232 896 1285 frontium

213 1314 246 1364 50
290 1304 343 1356 Dis
354 1306 472 1353 miscent
482 1304 598 1366 superis.
628 1301 676 1351 Me
686 1300 809 1367 gelidum
819 1318 925 1365 nemus,

291 1370 539 1438 Nympharumque
550 1371 624 1420 leves
635 1385 697 1420 cum
709 1368 819 1436 Satyris
830 1371 907 1423 chori

291 1440 570 1507 Secernuntpopulo:
586 1441 609 1489 si
620 1451 709 1506 nequo
718 1441 801 1491 tibias
862 1465 865 1470 ·

290 1512 413 1579 Euterpe
425 1510 547 1574 cohibet3
562 1526 614 1562 nec
624 1508 811 1577 Polyhymnia

290 1581 430 1633 Lesboum
440 1580 547 1653 refugit
555 1580 670 1632 tendere
681 1581 817 1631 barbiton.

214 1660 247 1712 55
291 1650 407 1712 Quodsi
418 1667 461 1701 me
471 1650 569 1717 lyricis
579 1649 806 1718 vatibus-inseris,

292 1719 422 1770 Sublimis
433 1718 530 1771 fariam
542 1719 635 1768 sidera
644 1719 755 1767 vortice.

262 1840 1006 1869 mmmm-*m

498 1889 777 1996 oon'rr.

329 2051 387 2099 AD
415 2046 663 2096 CAESAREM
685 2043 948 2095 AUGUS'I'UM.

554 2149 722 2162 ψ

236 2212 240 2213 ’
265 2208 368 2263 Varias
394 2205 569 2257 calamitates
594 2218 651 2259 tum
668 2206 814 2277 physicas,
843 2215 902 2257 tum
922 2207 1015 2258 civiles

165 2287 170 2299 '
266 2274 354 2335 Urbis,
366 2283 394 2323 et
407 2274 486 2325 Orbis
495 2278 623 2336 Romani,
632 2285 701 2344 post
712 2283 824 2325 mortem
833 2273 901 2324 Iulii
913 2275 1017 2324 Caesa-

262 2344 315 2406 ris,
332 2341 489 2393 describens
493 2381 501 2406 ,
518 2361 593 2411 spem
604 2360 708 2393 omnem
717 2340 906 2391 restituendae
916 2341 1017 2393 salutis

332 2436 334 2445 >
413 2410 442 2460 in
454 2413 481 2462 0.
490 2412 621 2480 Augusto
631 2410 780 2477 repositam
790 2408 866 2459 dicit.
954 2454 958 2461 .

541 2543 640 2581 ΜΕΝ.
659 2543 743 2581 XVII.

312 2599 380 2684 lam
390 2634 458 2683 satis
467 2631 552 2682 terris
562 2632 640 2692 nivis,
651 2636 733 2696 atque
744 2631 821 2681 dirae

316 2703 465 2756 Grandinis
475 2700 552 2750 misit
560 2698 655 2762 Pater,
665 2704 694 2751 et
702 2700 813 2750 rubenti
