2084 3075
177 145 193 168 '
240 153 290 207 11⁷8
474 150 760 205 SATYRARUM

237 256 313 323 lpse,
322 254 388 306 mihi
399 259 492 306 custos
501 256 770 321 incorruptissimus,
780 268 887 308 omnes

239 326 350 377 Circum
361 324 490 375 doctores
501 323 608 375 aderat.
629 323 703 385 Quid
713 323 818 374 multat
833 327 984 390 pudicum
1033 367 1034 370 ,

239 395 308 457 (Qui
319 396 424 466 primus
435 394 546 443 virtutis
557 391 663 454 honos)
674 395 794 444 servavit
803 394 840 445 ab
851 399 940 446 ouini
989 453 994 463 ¹

237 464 299 515 Non
314 463 404 515 solum
416 463 505 526 tecto,
519 477 616 512 verum
628 462 775 528 opprobrio
785 477 907 530 quoque
918 468 1009 533 turpe

194 534 228 586 85
236 532 295 585 Nec
305 535 411 594 timuit,
422 532 474 582 sibi
486 547 520 583 ne
531 532 598 582 vitio
610 534 671 597 quis
683 536 813 594 verteret,
824 532 900 583 olim

237 601 267 654 Si
278 618 378 669 praeco
389 616 501 668 parvam
517 605 579 661 aut,
590 605 621 649 ut
633 599 685 651 fuit
694 602 766 666 ipse,
777 606 900 653 coactor

236 672 382 725 Mercedes
393 685 534 737 sequerer.
555 669 714 788 Nequehego
726 685 815 721 essem
826 677 965 737 questus:
980 679 1007 723 ct

671 753 703 789 oc
713 755 786 790 nunc

237 810 313 861 Laus
325 809 367 859 illi
378 809 495 859 debetur
506 814 535 859 et
545 823 562 858 c
573 823 616 858 me
626 808 719 874 gratia
728 810 826 858 maior.

236 878 284 929 Nil
293 894 336 928 me
347 881 489 943 poeniteat
500 893 599 929 senum
609 878 696 942 patris
707 876 799 927 huius:
814 892 911 945 eoque

192 960 226 1011 po
237 946 312 1007 Non,
321 952 354 995 ut
362 962 464 1013 magno
476 947 541 997 dolo
553 947 656 996 factum
668 951 753 1012 negat
762 962 823 998 esse
835 963 891 999 suo
903 964 979 1014 pars,
1036 951 1037 962 ¹

238 1016 320 1078 Quod
331 1031 385 1066 non
397 1017 533 1082 ingenuos
544 1014 658 1073 habeat,
669 1015 815 1082 clarosque
827 1025 974 1082 parentes,

238 1085 285 1135 Sic
294 1101 338 1136 me
350 1084 504 1135 defendam.
527 1085 624 1150 Longe
635 1099 697 1135 mec
707 1084 848 1151 discrepat
858 1088 926 1138 istis

237 1155 274 1206 Et
284 1168 349 1215 vox,
361 1159 389 1204 et
400 1154 482 1204 ratio.
502 1152 587 1215 Nom,
599 1155 623 1202 si
634 1158 736 1204 nature
745 1156 857 1208 iuberet

237 1226 260 1277 A
271 1225 355 1276 certis
366 1225 445 1274 eoois
457 1238 554 1276 cerum
565 1238 692 1273 remeare
701 1229 855 1289 peractum,

195 1292 229 1358 95
238 1297 327 1362 Atque
333 1292 558 1359 alioslegere3ed
564 1291 667 1342 fastum
674 1301 1001 1360 quoscumquepareutcs

238 1367 356 1432 Optaret
367 1357 559 1429 oibi'quisque:
573 1362 645 1414 meis
656 1367 816 1424 contentus,
826 1362 964 1416 honestos

236 1435 384 1497 Fascibus,
394 1438 423 1485 et
433 1431 510 1483 sellis
520 1430 625 1481 nollem
637 1430 706 1481 mihi
716 1447 838 1495 sumere3
855 1432 972 1487 (leniens

237 1505 344 1559 Iudicio
355 1504 444 1571 vulgi,
456 1518 540 1554 senus
550 1500 670 1553 fortasse
682 1506 742 1554 tuo:
758 1502 833 1569 quod

238 1575 349 1627 Nollem
364 1589 433 1626 onus
438 1610 446 1635 ,
463 1572 538 1623 haud
549 1586 678 1691 umquapn
689 1572 801 1633 solitus,
816 1577 933 1638 portare
945 1588 997 1624 mo·

665 1646 762 1692 estum.

181 1726 229 1761 roo
237 1710 308 1762 Nom
320 1709 385 1760 mihi
398 1713 530 1762 continuo
542 1712 630 1761 maior
642 1710 800 1777 quaerenda
812 1709 890 1764 foret
899 1727 954 1775 res,

238 1782 327 1844 Atque
339 1779 479 1830 salutandi
490 1781 597 1845 plures:
613 1780 756 1831 ducendus
765 1785 794 1832 et
803 1795 887 1843 unus,

237 1850 275 1901 Et
286 1863 377 1899 comes
389 1847 474 1912 elter3
489 1851 532 1898 uti
542 1865 576 1901 ne
587 1849 663 1900 solus
674 1865 767 1912 rusve,
778 1865 930 1917 peregreve

237 1919 363 1971 Exirem:
379 1918 471 1985 plures
482 1919 608 1980 calones,
620 1924 702 1986 atque
714 1918 814 1970 caballi
917 1964 920 1968 Α

238 1988 387 2051 Pascendi3
402 1988 529 2040 ducenda
539 1991 683 2054 petorrita.
703 1989 782 2040 Nunc
793 1988 860 2039 mihi
871 1994 953 2042 curto

153 2122 155 2127 ι
182 2057 281 2110 1051re
292 2057 359 2110 licet
368 2058 456 2119 mulo,
467 2057 524 2119 vel,
534 2059 557 2108 si
568 2058 649 2121 libet,
661 2074 748 2127 usque
758 2060 928 2123 'l‘erentum3

237 2129 363 2183 Mantica
377 2129 422 2178 cui
432 2127 541 2178 lumbos
551 2143 636 2179 onere
645 2128 767 2191 ulceret,
783 2133 868 2195 etque
878 2144 962 2197 eques

652 2213 752 2250 armos.

238 2269 358 2321 0biiciet
368 2281 448 2319 nemo
460 2267 558 2319 sordes
567 2266 647 2329 mihi,
658 2283 727 2335 ques
738 2269 801 2330 tibi,
811 2267 889 2330 Tilli,

240 2340 330 2401 Quum
342 2339 459 2396 Tiburte
470 2339 514 2388 via
525 2343 682 2404 praetorem
693 2340 813 2404 quinque
823 2341 978 2403 sequuntur

238 2410 280 2458 Te
291 2409 383 2472 pueri,
394 2407 520 2457 lasanum
531 2412 688 2472 portantes,
699 2405 952 2473 oenophorumque.

182 2486 230 2520 110
238 2476 301 2524 Hoc
311 2491 362 2540 ego
374 2475 556 2535 commodius,
572 2490 654 2542 quam
664 2479 710 2537 tu,
721 2475 864 2540 praeclare
876 2479 992 2535 senator,

238 2541 363 2592 Millibuc
372 2547 456 2609 atque
467 2543 544 2602 eliis,
553 2544 624 2593 vivo.
643 2544 824 2611 Quocumque
835 2543 922 2593 libido
932 2548 980 2606 est,

238 2609 339 2659 lncedo
350 2610 438 2660 solus:
453 2614 600 2674 percontor
611 2613 708 2675 quenti
719 2611 794 2673 olus,
804 2627 838 2661 ee
850 2610 907 2662 fer:

239 2674 380 2727 Pollucem
391 2677 514 2739 Circum,
524 2679 766 2745 vespertinumque
777 2694 894 2746 pererro
