<?xml version="1.0" encoding="UTF-8"?>
<!DOCTYPE html PUBLIC "-//W3C//DTD XHTML 1.0 Transitional//EN"
    "http://www.w3.org/TR/xhtml1/DTD/xhtml1-transitional.dtd">
<html xmlns="http://www.w3.org/1999/xhtml" xml:lang="en" lang="en">
 <head>
  <title>
</title>
<meta http-equiv="Content-Type" content="text/html;charset=utf-8" />
  <meta name='ocr-system' content='tesseract 3.04.00' />
  <meta name='ocr-capabilities' content='ocr_page ocr_carea ocr_par ocr_line ocrx_word'/>
</head>
<body>
  <div class='ocr_page' id='page_1' title='image "./opera05horagoog_0179.png"; bbox 0 0 2084 3075; ppageno 0'>
   <div class='ocr_carea' id='block_1_1' title="bbox 319 164 620 220">
    <p class='ocr_par' dir='ltr' id='par_1_1' title="bbox 319 164 620 220">
     <span class='ocr_line' id='line_1_1' title="bbox 319 164 620 220; baseline 0.003 -3"><span class='ocrx_word' id='word_1_1' title='bbox 319 164 468 220; x_wconf 83' lang='lat' dir='ltr'><strong>LIBER</strong></span> <span class='ocrx_word' id='word_1_2' title='bbox 489 165 510 216; x_wconf 89' lang='lat' dir='ltr'><strong>l.</strong></span> <span class='ocrx_word' id='word_1_3' title='bbox 533 166 560 218; x_wconf 84' lang='lat'><strong>2.</strong></span> <span class='ocrx_word' id='word_1_4' title='bbox 618 171 620 179; x_wconf 83' lang='grc'><em>’</em></span> 
     </span>
    </p>
   </div>
   <div class='ocr_carea' id='block_1_2' title="bbox 54 268 881 474">
    <p class='ocr_par' dir='ltr' id='par_1_2' title="bbox 54 268 881 474">
     <span class='ocr_line' id='line_1_2' title="bbox 56 268 732 334; baseline 0.001 -16"><span class='ocrx_word' id='word_1_5' title='bbox 56 268 164 329; x_wconf 87' lang='lat' dir='ltr'><strong>Cedat,</strong></span> <span class='ocrx_word' id='word_1_6' title='bbox 174 268 216 318; x_wconf 85' lang='lat' dir='ltr'><strong>uti</strong></span> <span class='ocrx_word' id='word_1_7' title='bbox 227 269 342 319; x_wconf 77' lang='lat' dir='ltr'><strong>conviva</strong></span> <span class='ocrx_word' id='word_1_8' title='bbox 352 273 444 330; x_wconf 87' lang='lat' dir='ltr'><strong>satur,</strong></span> <span class='ocrx_word' id='word_1_9' title='bbox 454 268 579 334; x_wconf 87' lang='lat' dir='ltr'><strong>reperire</strong></span> <span class='ocrx_word' id='word_1_10' title='bbox 590 283 732 334; x_wconf 76' lang='lat' dir='ltr'><strong>queamus.</strong></span> 
     </span>
     <span class='ocr_line' id='line_1_3' title="bbox 54 337 881 404; baseline -0.002 -15"><span class='ocrx_word' id='word_1_11' title='bbox 54 337 119 389; x_wconf 85' lang='lat' dir='ltr'><strong>lani</strong></span> <span class='ocrx_word' id='word_1_12' title='bbox 130 338 199 386; x_wconf 84' lang='lat' dir='ltr'><strong>satis</strong></span> <span class='ocrx_word' id='word_1_13' title='bbox 210 344 265 389; x_wconf 82' lang='lat' dir='ltr'><strong>est:</strong></span> <span class='ocrx_word' id='word_1_14' title='bbox 280 353 314 389; x_wconf 93' lang='lat' dir='ltr'><strong>ne</strong></span> <span class='ocrx_word' id='word_1_15' title='bbox 326 353 370 389; x_wconf 92' lang='lat' dir='ltr'><strong>me</strong></span> <span class='ocrx_word' id='word_1_16' title='bbox 381 339 502 403; x_wconf 84' lang='lat' dir='ltr'><strong>Crispini</strong></span> <span class='ocrx_word' id='word_1_17' title='bbox 511 338 615 387; x_wconf 87' lang='lat' dir='ltr'><strong>scrinia</strong></span> <span class='ocrx_word' id='word_1_18' title='bbox 623 339 689 404; x_wconf 83' lang='lat' dir='ltr'>lippi</span> <span class='ocrx_word' id='word_1_19' title='bbox 834 362 881 395; x_wconf 76' lang='lat'><strong>120</strong></span> 
     </span>
     <span class='ocr_line' id='line_1_4' title="bbox 55 406 782 474; baseline 0 -17"><span class='ocrx_word' id='word_1_20' title='bbox 55 406 232 471; x_wconf 81' lang='lat' dir='ltr'><strong>compilasse</strong></span> <span class='ocrx_word' id='word_1_21' title='bbox 242 414 336 474; x_wconf 87' lang='lat' dir='ltr'><strong>putes,</strong></span> <span class='ocrx_word' id='word_1_22' title='bbox 346 409 462 458; x_wconf 79' lang='lat' dir='ltr'><strong>verbum</strong></span> <span class='ocrx_word' id='word_1_23' title='bbox 473 421 530 457; x_wconf 89' lang='lat' dir='ltr'><strong>non</strong></span> <span class='ocrx_word' id='word_1_24' title='bbox 540 406 659 471; x_wconf 86' lang='lat' dir='ltr'><strong>amplius</strong></span> <span class='ocrx_word' id='word_1_25' title='bbox 672 407 782 459; x_wconf 81' lang='lat' dir='ltr'><strong>addam.</strong></span> 
     </span>
    </p>
   </div>
   <div class='ocr_carea' id='block_1_3' title="bbox 62 539 818 577">
    <p class='ocr_par' dir='ltr' id='par_1_3' title="bbox 62 539 818 577">
     <span class='ocr_line' id='line_1_5' title="bbox 62 539 818 577; baseline 0 -12"><span class='ocrx_word' id='word_1_26' title='bbox 62 539 818 577; x_wconf 46' lang='lat' dir='ltr'><strong>mmmm</strong></span> 
     </span>
    </p>
   </div>
   <div class='ocr_carea' id='block_1_4' title="bbox 270 630 618 704">
    <p class='ocr_par' dir='ltr' id='par_1_4' title="bbox 270 630 618 704">
     <span class='ocr_line' id='line_1_6' title="bbox 270 630 618 704; baseline 0.003 -6"><span class='ocrx_word' id='word_1_27' title='bbox 270 630 517 703; x_wconf 75' lang='lat' dir='ltr'><strong>sArYRA</strong></span> <span class='ocrx_word' id='word_1_28' title='bbox 552 631 618 704; x_wconf 93' lang='lat' dir='ltr'><strong>II.</strong></span> 
     </span>
    </p>
   </div>
   <div class='ocr_carea' id='block_1_5' title="bbox 53 779 825 908">
    <p class='ocr_par' dir='ltr' id='par_1_5' title="bbox 53 779 825 908">
     <span class='ocr_line' id='line_1_7' title="bbox 53 779 825 907; baseline 0.001 -68"><span class='ocrx_word' id='word_1_29' title='bbox 53 789 178 851; x_wconf 78' lang='lat' dir='ltr'><em>Stultos,</em></span> <span class='ocrx_word' id='word_1_30' title='bbox 189 789 254 837; x_wconf 82' lang='lat' dir='ltr'><strong>dum</strong></span> <span class='ocrx_word' id='word_1_31' title='bbox 262 789 477 907; x_wconf 53' lang='lat' dir='ltr'><strong>vitiaquoedpim</strong></span> <span class='ocrx_word' id='word_1_32' title='bbox 484 790 634 854; x_wconf 77' lang='lat' dir='ltr'><strong>declinant,</strong></span> <span class='ocrx_word' id='word_1_33' title='bbox 646 779 825 841; x_wconf 70' lang='lat' dir='ltr'><strong>abcontraria</strong></span> 
     </span>
     <span class='ocr_line' id='line_1_8' title="bbox 380 876 509 908; baseline 0.016 -2"><span class='ocrx_word' id='word_1_34' title='bbox 380 876 436 907; x_wconf 72' lang='grc'><strong><em>11101</em></strong></span> <span class='ocrx_word' id='word_1_35' title='bbox 457 876 509 908; x_wconf 73' lang='lat' dir='ltr'><strong><em>ere·</em></strong></span> 
     </span>
    </p>
   </div>
   <div class='ocr_carea' id='block_1_6' title="bbox 50 924 688 1026">
    <p class='ocr_par' dir='ltr' id='par_1_6' title="bbox 50 924 688 1026">
     <span class='ocr_line' id='line_1_9' title="bbox 50 924 688 1026; baseline 0.009 -21"><span class='ocrx_word' id='word_1_36' title='bbox 50 924 294 1006; x_wconf 78' lang='lat' dir='ltr'><strong>Ambubaiarum</strong></span> <span class='ocrx_word' id='word_1_37' title='bbox 305 958 437 1025; x_wconf 85' lang='lat' dir='ltr'><strong>collegia,</strong></span> <span class='ocrx_word' id='word_1_38' title='bbox 448 958 688 1026; x_wconf 83' lang='lat' dir='ltr'><strong>pharmacopolae,</strong></span> 
     </span>
    </p>
   </div>
   <div class='ocr_carea' id='block_1_7' title="bbox 3 1024 903 2758">
    <p class='ocr_par' dir='ltr' id='par_1_7' title="bbox 48 1024 860 1782">
     <span class='ocr_line' id='line_1_10' title="bbox 49 1024 761 1097; baseline 0.006 -20"><span class='ocrx_word' id='word_1_39' title='bbox 49 1024 197 1087; x_wconf 84' lang='lat' dir='ltr'><strong>Mendici,</strong></span> <span class='ocrx_word' id='word_1_40' title='bbox 207 1027 322 1088; x_wconf 82' lang='lat' dir='ltr'><strong>mimae,</strong></span> <span class='ocrx_word' id='word_1_41' title='bbox 332 1028 509 1091; x_wconf 78' lang='lat' dir='ltr'><strong>balatrones,</strong></span> <span class='ocrx_word' id='word_1_42' title='bbox 520 1028 573 1080; x_wconf 87' lang='lat' dir='ltr'><strong>hoc</strong></span> <span class='ocrx_word' id='word_1_43' title='bbox 582 1045 670 1097; x_wconf 88' lang='lat' dir='ltr'><strong>genus</strong></span> <span class='ocrx_word' id='word_1_44' title='bbox 680 1044 761 1081; x_wconf 90' lang='lat' dir='ltr'><strong>omne</strong></span> 
     </span>
     <span class='ocr_line' id='line_1_11' title="bbox 49 1095 819 1166; baseline 0.003 -20"><span class='ocrx_word' id='word_1_45' title='bbox 49 1095 201 1146; x_wconf 87' lang='lat' dir='ltr'><strong>Maestum</strong></span> <span class='ocrx_word' id='word_1_46' title='bbox 212 1110 245 1145; x_wconf 91' lang='lat' dir='ltr'><strong>ac</strong></span> <span class='ocrx_word' id='word_1_47' title='bbox 254 1095 403 1147; x_wconf 86' lang='lat' dir='ltr'><strong>sollicitum</strong></span> <span class='ocrx_word' id='word_1_48' title='bbox 415 1103 459 1148; x_wconf 89' lang='lat' dir='ltr'><strong>est</strong></span> <span class='ocrx_word' id='word_1_49' title='bbox 469 1101 590 1149; x_wconf 86' lang='lat' dir='ltr'><strong>cantoris</strong></span> <span class='ocrx_word' id='word_1_50' title='bbox 601 1105 691 1150; x_wconf 90' lang='lat' dir='ltr'><strong>morte</strong></span> <span class='ocrx_word' id='word_1_51' title='bbox 702 1098 819 1166; x_wconf 82' lang='lat' dir='ltr'><strong>Tigelll3</strong></span> 
     </span>
     <span class='ocr_line' id='line_1_12' title="bbox 50 1163 819 1235; baseline 0.008 -24"><span class='ocrx_word' id='word_1_52' title='bbox 50 1164 168 1228; x_wconf 73' lang='lat' dir='ltr'><strong>Quippe</strong></span> <span class='ocrx_word' id='word_1_53' title='bbox 177 1163 313 1231; x_wconf 86' lang='lat' dir='ltr'><strong>benignus</strong></span> <span class='ocrx_word' id='word_1_54' title='bbox 319 1173 389 1217; x_wconf 88' lang='lat' dir='ltr'><strong>erat.</strong></span> <span class='ocrx_word' id='word_1_55' title='bbox 405 1167 568 1230; x_wconf 86' lang='lat' dir='ltr'><strong>Contrahie,</strong></span> <span class='ocrx_word' id='word_1_56' title='bbox 579 1169 819 1235; x_wconf 82' lang='lat' dir='ltr'><strong>neprodigusesse</strong></span> 
     </span>
     <span class='ocr_line' id='line_1_13' title="bbox 49 1234 844 1301; baseline 0.004 -17"><span class='ocrx_word' id='word_1_57' title='bbox 49 1234 191 1293; x_wconf 80' lang='lat' dir='ltr'><strong>Dicatur,</strong></span> <span class='ocrx_word' id='word_1_58' title='bbox 203 1238 343 1297; x_wconf 88' lang='lat' dir='ltr'><strong>metuens,</strong></span> <span class='ocrx_word' id='word_1_59' title='bbox 354 1238 428 1301; x_wconf 91' lang='lat' dir='ltr'><strong>inopi</strong></span> <span class='ocrx_word' id='word_1_60' title='bbox 440 1236 508 1288; x_wconf 90' lang='lat' dir='ltr'><strong>dare</strong></span> <span class='ocrx_word' id='word_1_61' title='bbox 519 1237 591 1286; x_wconf 89' lang='lat' dir='ltr'><strong>nolit</strong></span> <span class='ocrx_word' id='word_1_62' title='bbox 601 1239 700 1297; x_wconf 90' lang='lat' dir='ltr'><strong>amico,</strong></span> <span class='ocrx_word' id='word_1_63' title='bbox 829 1235 844 1287; x_wconf 90' lang='lat'>5</span> 
     </span>
     <span class='ocr_line' id='line_1_14' title="bbox 49 1302 791 1374; baseline -0.001 -20"><span class='ocrx_word' id='word_1_64' title='bbox 49 1302 161 1369; x_wconf 78' lang='lat' dir='ltr'><strong>Frigus</strong></span> <span class='ocrx_word' id='word_1_65' title='bbox 171 1317 237 1369; x_wconf 84' lang='lat' dir='ltr'><strong>quo,</strong></span> <span class='ocrx_word' id='word_1_66' title='bbox 248 1302 401 1374; x_wconf 84' lang='lat' dir='ltr'><strong>duramque</strong></span> <span class='ocrx_word' id='word_1_67' title='bbox 412 1305 515 1357; x_wconf 83' lang='lat' dir='ltr'><strong>famem</strong></span> <span class='ocrx_word' id='word_1_68' title='bbox 526 1304 684 1372; x_wconf 80' lang='lat' dir='ltr'><strong>propellere</strong></span> <span class='ocrx_word' id='word_1_69' title='bbox 694 1305 791 1369; x_wconf 86' lang='lat' dir='ltr'><strong>possit.</strong></span> 
     </span>
     <span class='ocr_line' id='line_1_15' title="bbox 49 1371 732 1442; baseline 0 -19"><span class='ocrx_word' id='word_1_70' title='bbox 49 1371 144 1423; x_wconf 87' lang='lat' dir='ltr'><strong>Hunc</strong></span> <span class='ocrx_word' id='word_1_71' title='bbox 153 1372 176 1420; x_wconf 90' lang='lat' dir='ltr'><strong>si</strong></span> <span class='ocrx_word' id='word_1_72' title='bbox 185 1376 371 1437; x_wconf 87' lang='lat' dir='ltr'><strong>perconteris,</strong></span> <span class='ocrx_word' id='word_1_73' title='bbox 383 1378 427 1425; x_wconf 89' lang='lat' dir='ltr'><strong>ari</strong></span> <span class='ocrx_word' id='word_1_74' title='bbox 437 1391 500 1438; x_wconf 87' lang='lat' dir='ltr'><strong>cur,</strong></span> <span class='ocrx_word' id='word_1_75' title='bbox 511 1384 597 1442; x_wconf 89' lang='lat' dir='ltr'><strong>atque</strong></span> <span class='ocrx_word' id='word_1_76' title='bbox 608 1374 732 1439; x_wconf 87' lang='lat' dir='ltr'><strong>parentis</strong></span> 
     </span>
     <span class='ocr_line' id='line_1_16' title="bbox 48 1440 804 1510; baseline -0.003 -17"><span class='ocrx_word' id='word_1_77' title='bbox 48 1440 237 1493; x_wconf 86' lang='lat' dir='ltr'><strong>Praeclaram</strong></span> <span class='ocrx_word' id='word_1_78' title='bbox 247 1443 359 1507; x_wconf 85' lang='lat' dir='ltr'><strong>ingrata</strong></span> <span class='ocrx_word' id='word_1_79' title='bbox 367 1447 487 1510; x_wconf 84' lang='lat' dir='ltr'><strong>stringat</strong></span> <span class='ocrx_word' id='word_1_80' title='bbox 498 1445 590 1493; x_wconf 88' lang='lat' dir='ltr'><strong>malus</strong></span> <span class='ocrx_word' id='word_1_81' title='bbox 600 1442 723 1508; x_wconf 79' lang='lat' dir='ltr'><strong>ingluvie</strong></span> <span class='ocrx_word' id='word_1_82' title='bbox 734 1457 804 1503; x_wconf 89' lang='lat' dir='ltr'><strong>rem,</strong></span> 
     </span>
     <span class='ocr_line' id='line_1_17' title="bbox 50 1509 731 1562; baseline -0.003 0"><span class='ocrx_word' id='word_1_83' title='bbox 50 1509 161 1562; x_wconf 89' lang='lat' dir='ltr'><strong>Omnia</strong></span> <span class='ocrx_word' id='word_1_84' title='bbox 170 1509 315 1560; x_wconf 85' lang='lat' dir='ltr'><strong>conductis</strong></span> <span class='ocrx_word' id='word_1_85' title='bbox 325 1525 454 1561; x_wconf 80' lang='lat' dir='ltr'><strong>coemens</strong></span> <span class='ocrx_word' id='word_1_86' title='bbox 466 1512 584 1560; x_wconf 89' lang='lat' dir='ltr'><strong>obsonia</strong></span> <span class='ocrx_word' id='word_1_87' title='bbox 594 1509 731 1560; x_wconf 80' lang='lat' dir='ltr'><strong>nummisi</strong></span> 
     </span>
     <span class='ocr_line' id='line_1_18' title="bbox 50 1578 860 1644; baseline -0.001 -12"><span class='ocrx_word' id='word_1_88' title='bbox 50 1579 209 1639; x_wconf 86' lang='lat' dir='ltr'><strong>Sordidus,</strong></span> <span class='ocrx_word' id='word_1_89' title='bbox 220 1583 305 1643; x_wconf 86' lang='lat' dir='ltr'><strong>atque</strong></span> <span class='ocrx_word' id='word_1_90' title='bbox 317 1579 402 1626; x_wconf 90' lang='lat' dir='ltr'><strong>animi</strong></span> <span class='ocrx_word' id='word_1_91' title='bbox 414 1578 489 1644; x_wconf 92' lang='lat' dir='ltr'><strong>quod</strong></span> <span class='ocrx_word' id='word_1_92' title='bbox 499 1580 577 1643; x_wconf 81' lang='lat' dir='ltr'><strong>parri</strong></span> <span class='ocrx_word' id='word_1_93' title='bbox 588 1579 659 1630; x_wconf 91' lang='lat' dir='ltr'><strong>nolit</strong></span> <span class='ocrx_word' id='word_1_94' title='bbox 667 1578 774 1642; x_wconf 86' lang='lat' dir='ltr'><strong>haberi,</strong></span> <span class='ocrx_word' id='word_1_95' title='bbox 831 1597 860 1631; x_wconf 92' lang='lat'><strong>10</strong></span> 
     </span>
     <span class='ocr_line' id='line_1_19' title="bbox 49 1644 766 1714; baseline 0.003 -14"><span class='ocrx_word' id='word_1_96' title='bbox 49 1647 227 1714; x_wconf 47' lang='lat' dir='ltr'><strong>Respondet,</strong></span> <span class='ocrx_word' id='word_1_97' title='bbox 247 1645 394 1695; x_wconf 86' lang='lat' dir='ltr'><strong>Laudatur</strong></span> <span class='ocrx_word' id='word_1_98' title='bbox 405 1647 439 1695; x_wconf 90' lang='lat' dir='ltr'><strong>ab</strong></span> <span class='ocrx_word' id='word_1_99' title='bbox 450 1644 505 1708; x_wconf 90' lang='lat' dir='ltr'><strong>his,</strong></span> <span class='ocrx_word' id='word_1_100' title='bbox 516 1647 645 1714; x_wconf 88' lang='lat' dir='ltr'><strong>culpatur</strong></span> <span class='ocrx_word' id='word_1_101' title='bbox 656 1649 766 1702; x_wconf 86' lang='lat' dir='ltr'><strong>abillis.</strong></span> 
     </span>
     <span class='ocr_line' id='line_1_20' title="bbox 51 1713 729 1782; baseline 0 -11"><span class='ocrx_word' id='word_1_102' title='bbox 51 1716 186 1771; x_wconf 85' lang='lat' dir='ltr'><strong>Fufidius</strong></span> <span class='ocrx_word' id='word_1_103' title='bbox 194 1728 299 1781; x_wconf 84' lang='lat' dir='ltr'><strong>vappae</strong></span> <span class='ocrx_word' id='word_1_104' title='bbox 311 1713 414 1764; x_wconf 83' lang='lat' dir='ltr'><strong>famam</strong></span> <span class='ocrx_word' id='word_1_105' title='bbox 425 1716 519 1777; x_wconf 85' lang='lat' dir='ltr'><strong>timet,</strong></span> <span class='ocrx_word' id='word_1_106' title='bbox 531 1731 563 1767; x_wconf 90' lang='lat' dir='ltr'><strong>ac</strong></span> <span class='ocrx_word' id='word_1_107' title='bbox 574 1719 729 1782; x_wconf 88' lang='lat' dir='ltr'><strong>nebulonis,</strong></span> 
     </span>
    </p>

    <p class='ocr_par' dir='ltr' id='par_1_8' title="bbox 51 1783 740 1924">
     <span class='ocr_line' id='line_1_21' title="bbox 51 1783 740 1852; baseline 0.001 -13"><span class='ocrx_word' id='word_1_108' title='bbox 51 1789 144 1840; x_wconf 84' lang='lat' dir='ltr'><strong>Dives</strong></span> <span class='ocrx_word' id='word_1_109' title='bbox 154 1787 242 1852; x_wconf 83' lang='lat' dir='ltr'><strong>agris,</strong></span> <span class='ocrx_word' id='word_1_110' title='bbox 253 1783 329 1835; x_wconf 85' lang='lat' dir='ltr'><strong>dives</strong></span> <span class='ocrx_word' id='word_1_111' title='bbox 339 1786 437 1850; x_wconf 87' lang='lat' dir='ltr'><strong>positis</strong></span> <span class='ocrx_word' id='word_1_112' title='bbox 448 1786 476 1834; x_wconf 89' lang='lat' dir='ltr'><strong>in</strong></span> <span class='ocrx_word' id='word_1_113' title='bbox 487 1783 603 1838; x_wconf 84' lang='lat' dir='ltr'><strong>foenore</strong></span> <span class='ocrx_word' id='word_1_114' title='bbox 613 1792 740 1840; x_wconf 86' lang='lat' dir='ltr'><strong>nummis.</strong></span> 
     </span>
     <span class='ocr_line' id='line_1_22' title="bbox 52 1853 714 1924; baseline 0.005 -18"><span class='ocrx_word' id='word_1_115' title='bbox 52 1859 165 1919; x_wconf 79' lang='lat' dir='ltr'><strong>Quinas</strong></span> <span class='ocrx_word' id='word_1_116' title='bbox 176 1853 221 1906; x_wconf 88' lang='lat' dir='ltr'><strong>hic</strong></span> <span class='ocrx_word' id='word_1_117' title='bbox 232 1855 315 1920; x_wconf 88' lang='lat' dir='ltr'><strong>capiti</strong></span> <span class='ocrx_word' id='word_1_118' title='bbox 326 1855 468 1905; x_wconf 81' lang='lat' dir='ltr'><strong>mercedes</strong></span> <span class='ocrx_word' id='word_1_119' title='bbox 479 1862 605 1918; x_wconf 69' lang='lat' dir='ltr'><strong>emecat3</strong></span> <span class='ocrx_word' id='word_1_120' title='bbox 620 1863 714 1924; x_wconf 83' lang='lat' dir='ltr'><strong>atque-</strong></span> 
     </span>
    </p>

    <p class='ocr_par' dir='ltr' id='par_1_9' title="bbox 52 1924 860 2057">
     <span class='ocr_line' id='line_1_23' title="bbox 53 1924 860 1994; baseline 0.002 -18"><span class='ocrx_word' id='word_1_121' title='bbox 53 1929 170 1989; x_wconf 78' lang='lat' dir='ltr'><strong>Quanto</strong></span> <span class='ocrx_word' id='word_1_122' title='bbox 180 1924 317 1992; x_wconf 84' lang='lat' dir='ltr'><strong>perditior</strong></span> <span class='ocrx_word' id='word_1_123' title='bbox 326 1925 442 1992; x_wconf 89' lang='lat' dir='ltr'><strong>quisque</strong></span> <span class='ocrx_word' id='word_1_124' title='bbox 453 1930 509 1985; x_wconf 90' lang='lat' dir='ltr'><strong>est,</strong></span> <span class='ocrx_word' id='word_1_125' title='bbox 519 1930 599 1975; x_wconf 86' lang='lat' dir='ltr'><strong>tanto</strong></span> <span class='ocrx_word' id='word_1_126' title='bbox 611 1928 703 1976; x_wconf 84' lang='lat' dir='ltr'><strong>acrius</strong></span> <span class='ocrx_word' id='word_1_127' title='bbox 714 1932 804 1994; x_wconf 87' lang='lat' dir='ltr'><strong>urget.</strong></span> <span class='ocrx_word' id='word_1_128' title='bbox 831 1926 860 1977; x_wconf 89' lang='lat'><strong>15</strong></span> 
     </span>
     <span class='ocr_line' id='line_1_24' title="bbox 52 1993 703 2057; baseline -0.005 -9"><span class='ocrx_word' id='word_1_129' title='bbox 52 1995 179 2048; x_wconf 89' lang='lat' dir='ltr'><strong>Nomina</strong></span> <span class='ocrx_word' id='word_1_130' title='bbox 189 1999 326 2056; x_wconf 84' lang='lat' dir='ltr'><strong>sectatur,</strong></span> <span class='ocrx_word' id='word_1_131' title='bbox 337 1993 421 2044; x_wconf 92' lang='lat' dir='ltr'><strong>modo</strong></span> <span class='ocrx_word' id='word_1_132' title='bbox 431 1998 525 2044; x_wconf 89' lang='lat' dir='ltr'><strong>sumta</strong></span> <span class='ocrx_word' id='word_1_133' title='bbox 533 1999 610 2044; x_wconf 86' lang='lat' dir='ltr'><strong>resta</strong></span> <span class='ocrx_word' id='word_1_134' title='bbox 620 1995 703 2057; x_wconf 82' lang='lat' dir='ltr'><strong>virili,</strong></span> 
     </span>
    </p>

    <p class='ocr_par' dir='ltr' id='par_1_10' title="bbox 54 2059 792 2132">
     <span class='ocr_line' id='line_1_25' title="bbox 54 2059 792 2132; baseline -0.004 -15"><span class='ocrx_word' id='word_1_135' title='bbox 54 2065 115 2117; x_wconf 90' lang='lat' dir='ltr'><strong>Sub</strong></span> <span class='ocrx_word' id='word_1_136' title='bbox 128 2066 253 2130; x_wconf 86' lang='lat' dir='ltr'><strong>patribus</strong></span> <span class='ocrx_word' id='word_1_137' title='bbox 264 2064 341 2115; x_wconf 87' lang='lat' dir='ltr'><strong>duris</strong></span> <span class='ocrx_word' id='word_1_138' title='bbox 352 2059 484 2115; x_wconf 83' lang='lat' dir='ltr'><strong>tironum.</strong></span> <span class='ocrx_word' id='word_1_139' title='bbox 505 2063 643 2126; x_wconf 82' lang='lat' dir='ltr'><strong>Maxime,</strong></span> <span class='ocrx_word' id='word_1_140' title='bbox 654 2066 717 2132; x_wconf 89' lang='lat' dir='ltr'><strong>quis</strong></span> <span class='ocrx_word' id='word_1_141' title='bbox 727 2079 792 2126; x_wconf 87' lang='lat' dir='ltr'><strong>non,</strong></span> 
     </span>
    </p>

    <p class='ocr_par' dir='ltr' id='par_1_11' title="bbox 3 2132 903 2758">
     <span class='ocr_line' id='line_1_26' title="bbox 3 2132 799 2202; baseline -0.005 -15"><span class='ocrx_word' id='word_1_142' title='bbox 3 2160 5 2167; x_wconf 54' lang='lat'><strong><em>⁴</em></strong></span> <span class='ocrx_word' id='word_1_143' title='bbox 54 2132 175 2200; x_wconf 86' lang='lat' dir='ltr'><strong>Iupiter!</strong></span> <span class='ocrx_word' id='word_1_144' title='bbox 196 2134 346 2197; x_wconf 81' lang='lat' dir='ltr'><strong>exclamat,</strong></span> <span class='ocrx_word' id='word_1_145' title='bbox 357 2134 441 2185; x_wconf 85' lang='lat' dir='ltr'><strong>simul</strong></span> <span class='ocrx_word' id='word_1_146' title='bbox 452 2139 536 2202; x_wconf 90' lang='lat' dir='ltr'><strong>atque</strong></span> <span class='ocrx_word' id='word_1_147' title='bbox 548 2132 671 2186; x_wconf 72' lang='lat' dir='ltr'><strong>audititi</strong></span> <span class='ocrx_word' id='word_1_148' title='bbox 684 2135 799 2184; x_wconf 80' lang='lat' dir='ltr'><strong>Atinae</strong></span> 
     </span>
     <span class='ocr_line' id='line_1_27' title="bbox 55 2203 818 2270; baseline -0.005 -15"><span class='ocrx_word' id='word_1_149' title='bbox 55 2204 115 2255; x_wconf 89' lang='lat' dir='ltr'><strong>Pro</strong></span> <span class='ocrx_word' id='word_1_150' title='bbox 126 2204 468 2270; x_wconf 80' lang='lat' dir='ltr'><strong>quaestusumptumfacit</strong></span> <span class='ocrx_word' id='word_1_151' title='bbox 478 2203 535 2255; x_wconf 87' lang='lat' dir='ltr'><strong>hic:</strong></span> <span class='ocrx_word' id='word_1_152' title='bbox 546 2206 592 2254; x_wconf 82' lang='lat' dir='ltr'><strong>rix</strong></span> <span class='ocrx_word' id='word_1_153' title='bbox 599 2204 818 2269; x_wconf 85' lang='lat' dir='ltr'><strong>crederepossis,</strong></span> 
     </span>
     <span class='ocr_line' id='line_1_28' title="bbox 56 2274 860 2341; baseline -0.001 -18"><span class='ocrx_word' id='word_1_154' title='bbox 56 2275 149 2336; x_wconf 72' lang='lat' dir='ltr'><strong>Quam</strong></span> <span class='ocrx_word' id='word_1_155' title='bbox 159 2274 210 2325; x_wconf 87' lang='lat' dir='ltr'><strong>sibi</strong></span> <span class='ocrx_word' id='word_1_156' title='bbox 220 2289 275 2323; x_wconf 87' lang='lat' dir='ltr'><strong>non</strong></span> <span class='ocrx_word' id='word_1_157' title='bbox 285 2274 445 2337; x_wconf 81' lang='lat' dir='ltr'><strong>sitamicos3</strong></span> <span class='ocrx_word' id='word_1_158' title='bbox 455 2277 503 2337; x_wconf 90' lang='lat' dir='ltr'><strong>ita,</strong></span> <span class='ocrx_word' id='word_1_159' title='bbox 512 2276 692 2341; x_wconf 82' lang='lat' dir='ltr'><strong>utpatarille,</strong></span> <span class='ocrx_word' id='word_1_160' title='bbox 702 2275 860 2324; x_wconf 74' lang='lat' dir='ltr'><strong>Terentiae</strong></span> 
     </span>
     <span class='ocr_line' id='line_1_29' title="bbox 56 2340 722 2413; baseline -0.003 -18"><span class='ocrx_word' id='word_1_161' title='bbox 56 2340 168 2395; x_wconf 85' lang='lat' dir='ltr'><strong>Fabula</strong></span> <span class='ocrx_word' id='word_1_162' title='bbox 178 2359 259 2410; x_wconf 87' lang='lat' dir='ltr'><strong>quern</strong></span> <span class='ocrx_word' id='word_1_163' title='bbox 272 2346 405 2393; x_wconf 88' lang='lat' dir='ltr'><strong>miserum</strong></span> <span class='ocrx_word' id='word_1_164' title='bbox 413 2349 500 2410; x_wconf 77' lang='lat' dir='ltr'><strong>gnato</strong></span> <span class='ocrx_word' id='word_1_165' title='bbox 510 2345 612 2413; x_wconf 59' lang='lat' dir='ltr'><strong>risisse</strong></span> <span class='ocrx_word' id='word_1_166' title='bbox 624 2343 722 2412; x_wconf 79' lang='lat' dir='ltr'><strong>fugato</strong></span> 
     </span>
     <span class='ocr_line' id='line_1_30' title="bbox 57 2408 903 2481; baseline 0.005 -17"><span class='ocrx_word' id='word_1_167' title='bbox 57 2412 249 2474; x_wconf 88' lang='lat' dir='ltr'><strong>ludncit‚non</strong></span> <span class='ocrx_word' id='word_1_168' title='bbox 259 2428 289 2463; x_wconf 86' lang='lat' dir='ltr'><strong>se</strong></span> <span class='ocrx_word' id='word_1_169' title='bbox 299 2414 378 2478; x_wconf 83' lang='lat' dir='ltr'><strong>peius</strong></span> <span class='ocrx_word' id='word_1_170' title='bbox 399 2408 578 2475; x_wconf 74' lang='lat' dir='ltr'><strong>cruciaverit,</strong></span> <span class='ocrx_word' id='word_1_171' title='bbox 590 2419 673 2481; x_wconf 87' lang='lat' dir='ltr'><strong>atque</strong></span> <span class='ocrx_word' id='word_1_172' title='bbox 684 2413 737 2464; x_wconf 89' lang='lat' dir='ltr'><strong>hic.</strong></span> <span class='ocrx_word' id='word_1_173' title='bbox 901 2464 903 2468; x_wconf 16' lang='grc' dir='ltr'><em>Α</em></span> 
     </span>
     <span class='ocr_line' id='line_1_31' title="bbox 58 2480 818 2549; baseline -0.001 -17"><span class='ocrx_word' id='word_1_174' title='bbox 58 2480 89 2533; x_wconf 82' lang='lat' dir='ltr'><strong>Si</strong></span> <span class='ocrx_word' id='word_1_175' title='bbox 100 2483 162 2548; x_wconf 89' lang='lat' dir='ltr'><strong>quis</strong></span> <span class='ocrx_word' id='word_1_176' title='bbox 173 2497 245 2531; x_wconf 87' lang='lat' dir='ltr'><strong>nunc</strong></span> <span class='ocrx_word' id='word_1_177' title='bbox 255 2488 378 2548; x_wconf 78' lang='lat' dir='ltr'><strong>quaerat,</strong></span> <span class='ocrx_word' id='word_1_178' title='bbox 390 2497 445 2549; x_wconf 90' lang='lat' dir='ltr'><strong>quo</strong></span> <span class='ocrx_word' id='word_1_179' title='bbox 454 2498 498 2533; x_wconf 84' lang='lat' dir='ltr'><strong>res</strong></span> <span class='ocrx_word' id='word_1_180' title='bbox 509 2481 579 2534; x_wconf 88' lang='lat' dir='ltr'><strong>haee</strong></span> <span class='ocrx_word' id='word_1_181' title='bbox 588 2481 726 2549; x_wconf 66' lang='lat' dir='ltr'><strong>pertinet?</strong></span> <span class='ocrx_word' id='word_1_182' title='bbox 736 2481 818 2533; x_wconf 91' lang='lat' dir='ltr'><strong>llluc:</strong></span> 
     </span>
     <span class='ocr_line' id='line_1_32' title="bbox 58 2550 744 2612; baseline 0 -12"><span class='ocrx_word' id='word_1_183' title='bbox 58 2551 134 2600; x_wconf 88' lang='lat' dir='ltr'><strong>Dum</strong></span> <span class='ocrx_word' id='word_1_184' title='bbox 145 2553 235 2602; x_wconf 83' lang='lat' dir='ltr'><strong>vitant</strong></span> <span class='ocrx_word' id='word_1_185' title='bbox 244 2550 323 2601; x_wconf 87' lang='lat' dir='ltr'><strong>stulti</strong></span> <span class='ocrx_word' id='word_1_186' title='bbox 333 2552 414 2612; x_wconf 66' lang='lat' dir='ltr'><strong>mua,</strong></span> <span class='ocrx_word' id='word_1_187' title='bbox 425 2553 453 2600; x_wconf 91' lang='lat' dir='ltr'><strong>in</strong></span> <span class='ocrx_word' id='word_1_188' title='bbox 465 2554 607 2602; x_wconf 87' lang='lat' dir='ltr'><strong>contraria</strong></span> <span class='ocrx_word' id='word_1_189' title='bbox 618 2557 744 2604; x_wconf 84' lang='lat' dir='ltr'><strong>currunt.</strong></span> 
     </span>
     <span class='ocr_line' id='line_1_33' title="bbox 58 2616 860 2687; baseline -0.001 -16"><span class='ocrx_word' id='word_1_190' title='bbox 58 2619 218 2671; x_wconf 84' lang='lat' dir='ltr'><strong>Malchinus</strong></span> <span class='ocrx_word' id='word_1_191' title='bbox 228 2619 331 2669; x_wconf 85' lang='lat' dir='ltr'><strong>tunicis</strong></span> <span class='ocrx_word' id='word_1_192' title='bbox 341 2621 468 2670; x_wconf 87' lang='lat' dir='ltr'><strong>demissis</strong></span> <span class='ocrx_word' id='word_1_193' title='bbox 478 2622 614 2672; x_wconf 89' lang='lat' dir='ltr'><strong>ambulat:</strong></span> <span class='ocrx_word' id='word_1_194' title='bbox 630 2629 675 2672; x_wconf 86' lang='lat' dir='ltr'><strong>est</strong></span> <span class='ocrx_word' id='word_1_195' title='bbox 685 2623 732 2687; x_wconf 90' lang='lat' dir='ltr'><strong>qui</strong></span> <span class='ocrx_word' id='word_1_196' title='bbox 828 2616 860 2666; x_wconf 90' lang='lat'><strong>25</strong></span> 
     </span>
     <span class='ocr_line' id='line_1_34' title="bbox 58 2689 770 2758; baseline -0.011 -15"><span class='ocrx_word' id='word_1_197' title='bbox 58 2690 165 2758; x_wconf 81' lang='lat' dir='ltr'><strong>luguen</strong></span> <span class='ocrx_word' id='word_1_198' title='bbox 176 2689 212 2740; x_wconf 82' lang='lat' dir='ltr'><strong>ad</strong></span> <span class='ocrx_word' id='word_1_199' title='bbox 222 2691 388 2741; x_wconf 86' lang='lat' dir='ltr'><strong>obseaenum</strong></span> <span class='ocrx_word' id='word_1_200' title='bbox 398 2689 541 2741; x_wconf 85' lang='lat' dir='ltr'><strong>subductis</strong></span> <span class='ocrx_word' id='word_1_201' title='bbox 552 2706 639 2757; x_wconf 87' lang='lat' dir='ltr'><strong>usque</strong></span> <span class='ocrx_word' id='word_1_202' title='bbox 651 2690 770 2740; x_wconf 72' lang='lat' dir='ltr'><strong>facetusz</strong></span> 
     </span>
    </p>
   </div>
   <div class='ocr_carea' id='block_1_8' title="bbox 0 0 1062 3075">
    <p class='ocr_par' dir='ltr' id='par_1_12' title="bbox 0 0 1062 3075">
     <span class='ocr_line' id='line_1_35' title="bbox 0 0 1062 3075; baseline 0 0"><span class='ocrx_word' id='word_1_203' title='bbox 0 0 1062 3075; x_wconf 95' lang='lat' dir='ltr'><strong> </strong></span> 
     </span>
    </p>
   </div>
  </div>
 </body>
</html>
